1742 2902
452 130 552 162 Liber
577 129 686 161 XLII.
736 131 796 169 (A.
825 129 903 162 Chr.
937 133 1029 165 173.)
1342 131 1389 165 39

0 283 1 289 ,
42 249 78 286 in
110 249 259 286 Veienti
290 260 380 299 aput
412 253 633 289 Rementem
666 228 895 300 lapidatum;
926 252 1171 300 Pomptinum
1204 262 1315 286 omne
1344 250 1449 286 velut
1481 252 1502 285 5

42 320 205 356 nubibus
234 320 466 357 lucustarum
497 329 718 370 coopertum
751 333 850 364 esse;
894 323 930 358 in
962 321 1114 359 Gallico
1147 333 1253 368 agro,
1284 332 1361 368 qua
1390 320 1447 356 in-

0 400 1 407 *
42 388 240 425 duceretur
278 398 469 433 aratrum,
514 392 584 427 sub
622 391 870 427 existentibus
910 390 1030 438 glebis
1071 390 1193 438 pisces
1236 389 1446 426 emersisse.

0 475 1 494 l
42 456 103 494 Ob
142 457 221 494 haec
261 459 437 508 prodigia
466 460 551 496 libri
589 459 726 496 fatales
756 460 936 508 inspecti,
968 459 1186 507 editumque
1217 460 1265 495 ab
1297 459 1445 495 decem·
1479 458 1502 494 6

0 519 1 544 ³
40 526 130 563 viris
161 535 236 572 est,
267 535 302 563 et
334 528 470 576 quibus
500 528 571 564 diis
606 529 819 577 quibusque
849 529 983 565 hostiis
1012 529 1311 572 sacrificaretur,
1342 534 1379 564 et
1407 534 1448 564 ut

39 596 266 646 supplicatio
287 597 471 646 prodigiis
497 599 696 647 expiandis
720 600 838 644 fieret,
861 598 1070 646 alteraque,
1097 610 1176 646 qzcoe
1199 598 1325 646 priore
1347 609 1446 633 anno
1480 596 1499 630 7

38 665 265 704 valetudinis
291 667 422 717 populi
449 680 566 705 causa
590 675 683 706 vota
707 675 816 712 esset„
843 681 887 704 ea
914 668 966 704 uti
978 668 1086 714 fieret
1104 666 1284 715 feriaeque
1310 672 1446 704 essent.

38 737 174 785 Itaque
202 739 456 776 sacrificatum
488 745 556 783 est,
589 746 628 775 ut
664 737 869 775 decemviri
902 737 1082 785 scriptum
1117 737 1326 773 ediderant.

149 807 296 844 Eodem
336 820 436 844 anno
475 808 566 845 aedis
597 808 753 844 Iunonis
782 807 947 844 Laciniae
978 806 1138 843 detecta.
1209 806 1256 853 Q.
1286 805 1446 843 Fulvius

37 876 200 913 Flaccus
230 889 366 914 censor
404 878 522 914 aedem
555 878 737 914 Fortunae
766 877 986 925 Equestria,
1030 888 1144 923 quam
1185 876 1222 911 in
1258 875 1448 923 Hispania

37 953 177 994 praetor
215 946 314 982 bello
356 944 584 983 Celtiberico
622 953 802 989 voverat,
851 945 1019 983 faciebat
1056 945 1169 982 enixo
1209 945 1355 990 studio,
1400 956 1448 980 ne

39 1014 153 1051 ullum
185 1017 317 1053 Romae
347 1015 510 1064 amplius
541 1022 605 1052 aut
635 1015 938 1064 magnificentius
965 1015 1146 1063 templum
1173 1021 1284 1051 esset.
1330 1015 1445 1061 Mag-
1478 1015 1499 1050 2

38 1096 125 1121 num
157 1092 332 1122 ornatum
376 1085 409 1122 ei
449 1085 592 1134 templo
622 1093 728 1122 ratus
759 1085 1016 1125 adiecturum,
1050 1085 1082 1121 si
1112 1084 1249 1133 tegulae
1280 1095 1446 1120 marmo—

37 1166 110 1190 reae
143 1161 286 1199 essent,
331 1154 526 1203 profectus
563 1155 600 1190 in
639 1156 823 1197 Bruttios,
861 1154 979 1191 aedem
1011 1155 1169 1191 Iunonis
1201 1153 1368 1190 Laciniae
1399 1152 1448 1189 ad

36 1229 184 1272 partem
227 1224 423 1260 dimidiam
453 1224 615 1273 detegit,
659 1224 697 1260 id
737 1225 830 1261 satis
875 1224 959 1261 fore
996 1232 1102 1261 ratus
1143 1224 1192 1260 ad
1230 1223 1447 1272 tegendum,

38 1293 139 1341 quod
165 1293 427 1330 aedificaretur.
472 1294 605 1330 Naves
628 1301 774 1343 paratae
804 1293 969 1337 fuerunt,
1001 1306 1086 1341 quae
1115 1294 1292 1330 tollerent
1322 1293 1447 1340 adque
1479 1294 1500 1329 3

39 1369 293 1411 asportarent,
319 1363 547 1399 auctoritate
575 1364 750 1400 censoria
780 1363 892 1399 sociis
919 1363 1107 1399 deterritis
1136 1363 1174 1399 id
1204 1363 1445 1411 sacrilegium

37 1433 251 1482 prohibere.
310 1435 524 1481 Postquam
558 1445 694 1469 censor
723 1433 846 1477 rediit,
876 1432 1013 1480 tegulae
1047 1432 1232 1480 expositae
1262 1433 1308 1469 de
1337 1432 1446 1469 navi·
1480 1434 1503 1468 4

36 1503 106 1539 bus
137 1503 185 1539 ad
215 1503 397 1552 templum
436 1503 700 1551 portabantur.
763 1502 1028 1550 Quamquam,
1061 1502 1162 1538 unde
1193 1509 1330 1547 essent,
1361 1501 1449 1538 sile-

37 1573 160 1617 batur,
191 1585 267 1609 non
298 1580 425 1609 tamen
456 1573 571 1609 celari
601 1572 736 1620 potuit.
784 1571 974 1608 Fremitus
1000 1572 1116 1620 igitur
1139 1572 1177 1607 in
1203 1571 1309 1608 curia
1341 1578 1447 1607 ortus
1480 1574 1500 1608 5

37 1648 113 1686 est3
157 1655 205 1678 ex
236 1643 411 1679 omnibus
440 1642 615 1690 partibus
648 1641 938 1689 postulabatur‚
976 1649 1017 1677 ut
1047 1641 1222 1678 consules
1252 1654 1335 1678 eam
1366 1653 1446 1678 rem

38 1710 86 1748 ad
122 1718 295 1748 senatum
335 1711 533 1748 referrent.
604 1712 659 1749 Ut
698 1724 791 1748 vero
832 1711 1036 1748 accersitus
1070 1710 1106 1746 in
1139 1711 1281 1748 curiam
1313 1723 1448 1748 censor

35 1781 158 1825 venit,
200 1781 317 1817 multo
348 1780 521 1817 infestius
562 1781 699 1830 singuli
729 1781 972 1828 universique
1002 1789 1227 1828 praesentem
1257 1781 1446 1817 lacerare:

36 1850 238 1900 Templum
269 1851 578 1899 augustissimum
609 1851 776 1898 regionis
807 1850 898 1889 eius.
930 1850 1033 1897 quod
1063 1862 1138 1885 non
1157 1850 1342 1898 Pyrrhus,
1371 1862 1448 1886 non
1480 1854 1501 1886 6

35 2045 73 2084 5,
105 2049 117 2077 1
145 2048 331 2087 pomtinum
383 2051 400 2077 2
429 2047 572 2077 nouibus
596 2049 601 2087 ἰ
627 2046 725 2087 Gryn.
745 2046 952 2077 locustarum
995 2050 1014 2077 3
1041 2045 1194 2077 Duker-us
1213 2047 1443 2087 exstantibus}

35 2101 113 2134 Post
135 2105 310 2135 emersisse
334 2106 470 2145 spatium
493 2115 625 2135 vacuum
651 2104 672 2135 5
691 2103 862 2134 litterarum
891 2104 920 2134 in
936 2103 1007 2143 fine
1029 2114 1134 2134 versus
1152 2113 1205 2135 est.
1258 2104 1289 2141 6,
1311 2109 1322 2136 1
1357 2106 1446 2136 edic-

35 2177 204 2213 tumquem
227 2174 231 2211 1
253 2173 453 2204 decemuiris
489 2180 521 2203 et
546 2183 587 2204 ex
613 2173 734 2213 quibus
782 2177 800 2202 2
828 2157 987 2212 (hosteiis
1013 2171 1077 2207 Η.)
1129 2176 1147 2202 3
1181 2173 1448 2215 supplicatioque

35 2239 67 2278 7,
106 2245 118 2271 l
156 2226 287 2272 anitera
318 2250 381 2281 que
411 2242 520 2282 priore
555 2241 627 2283 My.
662 2241 735 2272 Em.
770 2239 852 2272 509.
885 2242 890 2277 1
920 2250 963 2270 au
1020 2245 1038 2271 2
1073 2247 1153 2272 uota
1192 2251 1222 2273 et
1256 2252 1330 2273 esse
1363 2244 1368 2282 1
1398 2244 1449 2274 uti

34 2297 199 2338 fieriaeque
231 2297 378 2329 Hertz-ius
411 2298 527 2340 (Gryn.
556 2300 604 2330 uti
635 2298 811 2339 feriaequc)
858 2302 876 2328 3
903 2299 950 2329 ita
974 2298 1264 2340 sacrificatumque
1291 2308 1340 2332 est
1361 2301 1366 2340 Ι
1390 2302 1449 2332 de-

35 2366 189 2397 cemuiris
212 2367 216 2404 Ι
239 2367 415 2398 ediderunt
431 2367 501 2408 ssly.
554 2367 617 2403 111,
634 2368 665 2405 1,
690 2371 702 2398 1
725 2369 842 2398 eodem
864 2349 994 2397 eoanno
1045 2371 1063 2398 2
1088 2367 1280 2408 hispaniam
1331 2373 1350 2400 3
1377 2375 1447 2401 stu-

34 2433 89 2464 dio
114 2434 245 2465 nullum
288 2439 308 2465 4
334 2421 685 2475 autamagnificentius
707 2439 711 2473 Ι
735 2421 845 2467 essett-
886 2435 918 2472 2,
937 2439 954 2466 2
971 2441 1051 2468 orm-1
1065 2442 1134 2467 tum
1161 2436 1233 2478 ΔΙφ
1260 2438 1334 2470 Em.
1361 2437 1444 2470 509.

35 2489 152 2532 (Gryn.
181 2495 427 2528 ornamentum)
449 2491 455 2534 Ι
477 2499 509 2523 et
545 2493 672 2533 templo
698 2492 830 2534 Kreyss.
859 2492 977 2534 (Gt-yn.
1006 2503 1040 2524 se
1068 2494 1214 2534 templo)
1238 2496 1243 2534 Ι
1265 2496 1370 2526 iratus
1425 2499 1444 2526 3

33 2546 261 2579 brittiosedem
284 2549 288 2588 Ι
310 2549 433 2580 liciniae
467 2549 499 2585 3,
522 2553 535 2580 1
566 2551 684 2590 adquae
710 2556 919 2590 esportarent
953 2548 986 2585 4,
1008 2553 1019 2580 1
1044 2552 1128 2581 redit
1153 2552 1265 2592 tegule
1290 2554 1442 2593 exposite

35 2618 53 2645 2
75 2621 163 2646 esset
221 2615 253 2653 5,
283 2620 296 2647 1
326 2616 478 2648 fremitus
503 2618 574 2649 eius
598 2619 701 2657 igitur
749 2618 781 2655 6,
812 2621 825 2648 1
855 2607 928 2649 eius
951 2619 1022 2651 eius
1050 2621 1140 2660 quod
