1796 2929
230 462 247 494 xl

230 1014 250 1047 9

209 1224 250 1256 10

207 1364 244 1398 11

209 1501 253 1535 12

210 1712 253 1746 13

213 1993 252 2026 14

339 134 410 170 182
681 131 783 162 Liber
809 131 935 162 XLIV.
989 131 1049 170 (A.
1078 141 1109 161 u.
1138 142 1164 161 c.
1197 134 1290 168 586.)

281 253 377 297 rias,
423 253 542 295 datis,
585 252 650 300 qui
695 257 1037 300 prosequerentur,
1083 252 1122 288 X
1153 251 1307 297 lembis,
1352 253 1389 288 in
1420 253 1687 291 Macedoniam

281 321 411 364 mittit,
453 321 506 356 ita
544 328 584 357 ut
623 322 659 357 in
701 328 822 358 tutum
864 320 1056 369 prosecuti
1098 321 1264 357 redirent
1301 322 1513 359 Tenedum.
1573 323 1688 360 Nono

280 398 366 439 post
397 389 457 425 die
488 389 536 425 ad
567 390 740 436 classem,
770 391 846 426 iam
878 391 926 426 ad
958 390 1113 438 Sigeum
1145 397 1322 434 stantem,
1352 391 1553 429 redierunt.
1594 392 1691 428 Inde

282 459 431 496 Subota
469 459 609 504 (insula
641 467 696 496 est
728 460 926 497 interiecta
956 460 1071 497 131aeae
1102 466 1139 495 et
1168 459 1281 506 Chio)
1322 461 1510 497 traiciunt.
1572 461 1691 498 Forte

280 534 434 576 postero
475 528 559 574 die,
603 542 718 577 quam
762 529 910 567 Subota
945 529 1078 566 classis
1114 531 1253 574 tenuit,
1295 531 1462 579 quinque
1497 536 1535 567 et
1564 531 1692 568 XXX

281 609 412 641 naves,
444 610 539 645 quas
570 599 813 647 hippagogos
842 605 994 642 vocant,
1025 599 1074 634 ab
1095 599 1203 635 Elaea
1229 600 1412 648 profectae
1441 612 1526 636 cum
1557 600 1692 648 equiti·

282 666 351 702 bus
383 666 507 704 Gallis
537 668 734 716 equisque,
764 669 922 705 Phanas
952 668 1255 716 promuntorium
1287 668 1471 705 Chiorum
1501 670 1693 717 petebant,

282 736 382 772 unde
412 738 668 774 transmittere
697 738 734 774 in
766 738 1033 774 Macedoniam
1064 744 1234 785 possent.
1280 738 1416 774 Attalo
1447 739 1495 775 ab
1523 739 1695 776 Eumene

284 806 541 843 mittebantur.
600 808 685 843 Has
716 820 834 843 naves
865 820 932 855 per
962 807 1080 843 altum
1113 806 1202 843 sel-ri
1235 819 1320 844 cum
1356 821 1402 844 ex
1433 809 1589 857 specula
1618 809 1693 857 sig-

281 888 370 912 num
403 876 532 912 datum
565 878 755 914 Antenori
796 883 914 920 esset,
959 877 1152 925 profectus
1184 877 1232 913 ab
1263 877 1439 921 Subotis,
1470 879 1567 915 inter
1597 879 1694 928 Ery-

283 946 453 982 thrarum
485 947 789 994 promuntorium
822 946 1056 994 Chiumque.
1087 958 1164 994 qua
1194 947 1426 983 artissimum
1457 948 1595 985 fretum
1626 956 1695 994 est,

284 1016 329 1052 iis
367 1016 542 1054 occurrit.
621 1016 727 1053 Nihil
767 1016 889 1052 minus
926 1017 1080 1052 credere
1121 1016 1289 1064 praefecti
1329 1017 1532 1062 Eumenis,
1579 1029 1694 1065 quam

280 1085 537 1122 Macedonum
569 1086 728 1122 classem
759 1086 797 1122 in
828 1086 893 1123 illo
920 1086 1056 1134 vagari
1090 1086 1203 1130 mari3
1234 1098 1346 1131 nunc,
1372 1087 1569 1124 Romanos
1600 1099 1695 1132 esse,

283 1168 394 1194 nunc.
419 1157 594 1192 Attalum
621 1163 686 1192 aut
702 1156 881 1192 remissos
901 1156 1050 1204 aliquos
1069 1157 1117 1192 ab
1135 1156 1270 1192 Attalo
1290 1168 1338 1192 ex
1355 1156 1491 1193 castris
1508 1157 1696 1193 Romanis

283 1226 516 1273 Pergamum
556 1233 696 1274 petere.
771 1225 847 1263 Sed
890 1238 974 1262 cum
1014 1226 1091 1262 iam
1135 1226 1524 1274 adpropinquantium
1569 1225 1697 1262 forma

284 1294 496 1330 lemborum
528 1295 632 1331 haud
661 1295 778 1331 dubia
809 1302 919 1340 esset,
951 1302 988 1332 et
1013 1296 1216 1332 concitatio
1238 1309 1430 1332 remorum
1461 1295 1698 1344 derectaeque

284 1364 321 1400 in
359 1376 399 1400 se
431 1377 578 1412 prorae,
619 1366 749 1402 hostes
789 1355 1112 1413 adpropinquare,
1126 1354 1137 1359 ἰ
1151 1366 1408 1412 aperuissent,
1439 1371 1528 1401 tune
1557 1365 1698 1401 iniecta

284 1434 489 1482 trepidatio
521 1440 590 1473 est.
654 1434 751 1471 Cum
792 1435 992 1472 resistendi
1031 1446 1118 1483 spes
1159 1435 1264 1471 nulla
1301 1442 1421 1479 esset,
1464 1435 1699 1483 inhabilique

285 1503 439 1539 navium
470 1517 610 1552 genere
643 1513 680 1542 et
711 1505 836 1543 Gallis
866 1506 931 1541 vix
967 1505 1132 1552 quietem
1165 1504 1373 1541 ferentibus
1399 1505 1437 1541 in
1468 1505 1577 1549 mari,
1609 1516 1700 1553 pars

286 1586 436 1618 eornm,
483 1575 545 1622 qui
586 1575 786 1623 propiores
827 1575 1034 1612 continenti
1075 1575 1176 1611 litori
1219 1581 1347 1620 erant,
1390 1575 1427 1610 in
1458 1575 1698 1623 Erythraeam

287 1651 461 1687 enarum,
492 1656 593 1692 pars.
627 1644 720 1680 velis
751 1645 862 1689 datis,
895 1646 943 1682 ad
975 1645 1112 1682 Chium
1144 1657 1262 1680 naves
1294 1645 1450 1689 eiecere,
1483 1644 1701 1691 relictisque

286 1713 406 1760 equis7
440 1712 562 1749 effusa
591 1715 684 1762 fuga
716 1716 846 1750 urbem
884 1715 1077 1761 petebant.
1125 1714 1199 1751 Sed
1233 1715 1390 1762 propius
1423 1714 1553 1749 urbem
1585 1713 1700 1749 lembi

286 1793 519 1830 accessuque
549 1783 809 1820 commodiore
844 1796 929 1820 cum
961 1784 1227 1832 exposuissent
1257 1790 1448 1828 armatos,
1494 1783 1632 1831 partim
1663 1783 1701 1818 in

286 1852 350 1888 via
379 1852 568 1901 fugientes
599 1852 736 1889 Gallos
768 1853 895 1900 adepti
920 1854 1154 1889 Macedones
1184 1854 1412 1894 ceciderunt,
1443 1852 1581 1900 partim
1614 1858 1702 1888 ante

287 1929 438 1970 portam
479 1923 666 1961 exclusos,
739 1921 967 1959 Clauserant
1010 1923 1107 1959 enim
1140 1922 1225 1959 Chii
1256 1930 1409 1970 portas,
1451 1922 1594 1970 ignari,
1637 1921 1701 1969 qui

288 1992 462 2040 fugerent
492 1999 557 2029 aut
587 1999 848 2041 sequerentur.
920 1990 1061 2028 DCCC
1093 1992 1212 2028 ferme
1243 1991 1445 2030 Gallorum
1478 1992 1605 2037 occisi,
1636 1990 1702 2028 CC

289 2225 308 2252 4
322 2223 442 2253 mittita
455 2228 490 2253 ut
519 2223 553 2253 in
564 2228 670 2253 totum
698 2222 896 2254 luscos-anus
946 2224 976 2260 6,
991 2227 1001 2254 l
1018 2233 1082 2255 non
1100 2230 1177 2264 post
1191 2225 1280 2254 diem
1311 2227 1329 2253 2
1348 2224 1388 2254 ad
1407 2224 1544 2263 sigrium
1576 2226 1595 2253 3
1612 2232 1702 2253 sum-

289 2285 379 2309 mota
397 2279 506 2310 insula
529 2280 533 2319 l
556 2281 716 2311 eleaeetho
732 2282 807 2320 (non
824 2280 911 2322 thio)
927 2280 998 2321 My.
1017 2281 1088 2312 Em.
1106 2281 1172 2312 56¹1
1187 2281 1304 2323 (Gr-yn.
1324 2281 1415 2312 Eleae
1429 2287 1460 2311 et
1475 2280 1587 2317 Atho)
1635 2279 1666 2317 7,
1683 2282 1701 2309 ‘2

289 2353 459 2379 summota
524 2353 542 2379 3
578 2349 791 2390 hippagogus
815 2349 819 2390 Ι
842 2350 884 2380 ab
919 2350 968 2380 ele
1038 2355 1056 2379 4
1083 2338 1490 2390 promunturii}jchionum
1556 2348 1589 2385 8,
1618 2352 1631 2379 1
1662 2357 1704 2378 cx

290 2406 481 2446 spectacula
532 2411 549 2437 2
577 2416 649 2438 csse
671 2408 676 2446 Ι
699 2418 738 2438 ac
765 2408 894 2438 subotis
915 2406 920 2447 Ι
944 2408 1148 2446 eti-ytharum
1176 2409 1445 2447 promunturium
1502 2410 1520 2436 4
1546 2406 1574 2437 is
1623 2405 1655 2442 9,
1684 2409 1702 2435 2

290 2464 496 2494 macedoniis
547 2467 566 2494 3
594 2475 634 2494 ac
660 2465 817 2496 remissos
867 2464 921 2501 10,
941 2468 960 2495 3
983 2474 1088 2505 prope
1114 2465 1220 2496 hostis
1243 2465 1246 2503 Ι
1270 2465 1508 2506 apparuissent
1531 2463 1702 2494 Turnebus.

292 2520 414 2562 (Gryn.
442 2521 671 2561 apparuisset)
723 2521 777 2558 11,
794 2526 812 2552 2
840 2521 909 2562 (De
924 2522 1164 2562 interpunctione
1179 2521 1366 2561 Emſjol.)
1410 2521 1464 2558 12,
1482 2521 1704 2562 2propri0res

293 2575 351 2615 lin
379 2584 526 2618 cryteam
593 2583 612 2609 3
640 2580 848 2620 reliquisque
921 2579 982 2617 13,
1017 2584 1035 2610 4
1071 2580 1147 2610 chio
1171 2579 1408 2620 pai-ta'signari
1438 2578 1509 2620 My.
1538 2577 1609 2608 Em.
1637 2576 1704 2608 581

291 2634 409 2677 (ὥρη.
437 2633 511 2666 Chii
538 2636 686 2675 portam)
738 2636 791 2674 14,
822 2640 835 2667 l
865 2646 944 2668 accc
