1742 2902
449 129 549 160 Liber
574 126 684 159 XLII.
737 128 801 167 (A.
830 126 910 158 Chr.
939 127 1034 167 172.)
1346 127 1395 162 53

37 267 151 303 quam
177 252 280 300 quod
306 256 342 286 et
368 250 420 286 ita
445 251 625 286 credebat
646 229 828 293 suun-tim,
856 250 930 286 iam
960 249 1072 285 etiam
1095 248 1262 292 volebat,
1291 246 1330 283 in
1360 247 1453 283 flore

37 324 173 360 virium
205 333 245 357 se
272 320 429 355 credens
460 332 554 355 esse.
611 320 773 356 Eumeni
808 328 897 355 ante
928 331 1059 354 omnes
1090 318 1250 354 infestus
1285 325 1385 360 erat;
1430 329 1454 353 a

36 393 142 429 cuius
171 390 355 437 sanguine
395 389 547 424 ordiens
585 389 745 432 bellum,
782 389 1006 425 Euandrum
1040 387 1281 431 Cretensem,
1319 387 1454 423 ducem

38 461 280 501 auxiliorum,
311 467 347 494 et
378 458 614 494 Macedonas
645 466 740 501 tres,
772 459 953 494 adsuetos
985 457 1202 493 ministeriis
1233 457 1365 492 talium
1396 455 1454 492 fa-

37 531 221 571 cinorum,
244 528 291 564 ad
324 528 464 563 eaedem
497 527 597 574 regis
620 528 817 571 subornat,
842 528 1064 574 litterasque
1089 528 1142 563 eis
1165 527 1230 562 dat
1252 527 1300 562 ad
1324 528 1454 562 Praxo

37 599 251 647 hospitam,
292 597 500 645 principem
534 597 761 633 auctoritate
799 605 833 633 et
866 599 1002 646 opibus
1035 597 1286 644 Delphorum.
1352 595 1454 633 Satis

38 669 258 712 constabat,
291 668 522 710 Eumenem,
560 674 600 702 ut
629 668 863 704 sacrificaret
895 666 1087 715 Apollini,
1120 666 1294 714 Delphos
1325 677 1455 701 escen-

37 751 179 776 surum.
243 737 451 784 Praegressi
490 749 573 772 cum
614 737 798 773 Euandro
839 737 1080 773 insidiatores
1125 736 1215 771 nihil
1260 735 1362 771 aliud
1407 733 1456 770 ad

37 808 294 858 peragendum
318 807 508 853 inceptum
532 818 646 853 quam
670 806 741 842 loci
765 807 1103 854 opportunitatem,
1135 805 1265 841 omnia
1292 805 1455 840 circum-

38 885 188 920 euntes,
241 876 474 924 quaerebant.
568 876 871 912 Escendentibus
918 876 966 911 ad
1018 875 1200 923 templum
1243 886 1266 909 a
1306 872 1456 916 Cirrha,

38 947 258 996 priusquam
302 945 565 993 perveniretur
598 945 647 980 ad
684 944 901 993 frequentia
938 944 1105 980 aedifieiis
1146 944 1251 987 loca,
1290 942 1458 978 maceria

38 1024 121 1052 erat
163 1016 212 1051 ab
252 1015 349 1050 laeva
395 1015 444 1050 ad
489 1015 663 1050 semitam
710 1015 866 1062 paulum
899 1022 1092 1050 extantem
1134 1027 1158 1049 a
1194 1012 1456 1056 fundamento,

39 1098 114 1134 qua
144 1085 282 1132 singuli
314 1085 539 1128 transirent;
584 1085 721 1120 dextra
758 1097 848 1132 pars
887 1084 974 1119 labe
1005 1092 1115 1119 terrae
1148 1083 1185 1118 in
1216 1082 1456 1129 aliquantum

39 1155 248 1192 altitudinis
280 1155 442 1203 derupta
473 1163 567 1190 erat.
613 1155 712 1191 Post
741 1155 946 1190 maceriam
979 1166 1020 1190 se
1050 1153 1292 1195 abdiderunt,
1321 1151 1455 1199 gradi-

38 1224 108 1260 bus
140 1224 366 1269 adstructis,
404 1233 444 1261 ut
483 1238 531 1261 ex
562 1237 608 1261 ea
645 1224 750 1260 velut
790 1237 810 1260 e
845 1236 953 1260 muro
991 1223 1068 1259 tela
1096 1223 1133 1259 in
1165 1229 1455 1271 praetereuntem

38 1294 238 1331 coicerent.
297 1295 431 1331 Primo
463 1308 486 1330 a
517 1296 613 1331 mari
653 1294 886 1331 circumfusa
923 1295 1037 1330 turba
1077 1294 1287 1329 amicorum
1319 1304 1364 1327 ac
1394 1303 1456 1326 sa-

20 1363 198 1412 >tt-:llitum
245 1365 498 1411 procedebat3
543 1365 679 1400 deinde
724 1364 984 1400 extenuabant
1031 1362 1230 1411 paullatim
1271 1360 1457 1409 angustiae

39 1446 189 1482 agmen.
249 1434 327 1471 Ubi
358 1435 405 1470 ad
437 1447 522 1470 eum
553 1434 678 1470 locum
706 1442 860 1470 ventum
893 1440 961 1477 est,
993 1446 1070 1480 qua
1101 1432 1258 1480 singulis
1289 1430 1455 1467 eundum

38 1512 132 1547 erat,
163 1503 307 1551 primus
329 1505 503 1540 semitam
528 1505 722 1552 ingressus
753 1509 805 1538 est
831 1503 1058 1547 Pantaleon,
1080 1502 1239 1539 AEtoliae
1267 1500 1458 1548 princeps,

0 1588 1 1594 ¹
39 1584 122 1610 cum
155 1586 231 1621 quo
262 1573 454 1610 institutus
487 1575 566 1622 regi
598 1586 723 1609 sermo
755 1579 848 1608 erat..
917 1574 1017 1609 Tum
1058 1573 1301 1609 insidiatores
1332 1568 1458 1605 exorti

0 1681 1 1690 ἵ
38 1654 136 1679 saxa
167 1644 242 1678 duo
274 1643 441 1692 ingentia
474 1644 702 1687 devolvunt,
740 1655 901 1690 quorum
943 1642 1063 1678 altero
1106 1649 1222 1690 caput
1250 1641 1367 1676 ictum
1400 1644 1458 1674 est

0 1727 1 1763 3
39 1713 131 1761 regi,
176 1713 297 1749 altero
342 1714 541 1756 hnmerus3
585 1712 812 1760 sopitusque
853 1724 900 1748 ex
940 1712 1077 1748 semita
1119 1710 1281 1760 proclivi
1310 1709 1386 1745 ruit
1417 1708 1456 1744 in

0 1774 1 1800 ἶ
39 1783 194 1826 declive,
226 1783 353 1818 multis
383 1795 498 1830 super
528 1783 750 1830 prolapsum
782 1782 857 1817 iam
884 1781 988 1817 saxis
1011 1781 1214 1829 congestis.
1263 1781 1314 1817 Et
1341 1778 1456 1815 ceteri

40 1853 190 1901 quidem
223 1854 336 1889 etiam
369 1853 578 1888 amicorum
613 1860 650 1888 et
679 1852 898 1895 satellitum,
929 1859 1135 1899 postquam
1169 1851 1367 1886 cadentem
1399 1848 1456 1884 vi-

40 1922 149 1968 dere,
193 1922 418 1971 diffugiunt3
462 1922 680 1959 Pantaleon
723 1928 944 1958 constanter
983 1920 1188 1968 inpavidus
1228 1919 1368 1955 mansit
1407 1918 1457 1954 ad

39 1993 313 2040 protegendum
346 2005 487 2040 regem.

39 2115 103 2154 3,l
132 2120 240 2149 omnis
279 2121 297 2148 2
325 2118 434 2148 oriens
488 2120 507 2146 3
535 2115 722 2153 ministris}
746 2114 930 2145 facinorum
973 2119 992 2144 4
1017 2114 1132 2144 cedem
1182 2111 1215 2150 4,
1232 2115 1250 2142 2
1275 2112 1458 2154 eumemjut

43 2178 208 2226 [apolline
223 2186 342 2227 delpos
365 2186 370 2223 Ι
393 2169 634 2216 enscensurtim
653 2183 760 2214 Drak.
790 2181 906 2224 (Gryn.
924 2182 1070 2222 ascenS.)
1109 2185 1128 2212 3
1146 2182 1313 2223 progressi
1334 2180 1431 2212 Gron.
1451 2180 1455 2222 Ι

41 2242 167 2274 candro
208 2247 224 2274 5
241 2243 405 2284 quarebat
460 2242 493 2277 5,
513 2246 524 2272 l
552 2241 650 2283 Gryn.
673 2241 819 2271 Ascend.
844 2242 849 2278 ξ
872 2241 958 2270 cirra
973 2240 1207 2280 primusquam
1249 2243 1267 2269 2
1283 2229 1459 2269 {macerie-

41 2306 92 2330 rat-
116 2301 158 2331 ab
184 2301 428 2331 leuiasemitam
465 2299 537 2340 My.
572 2299 645 2330 Em.
681 2298 748 2329 515
784 2296 976 2333 (It'eissenb.
1011 2297 1045 2326 in
1078 2297 1242 2327 semitam.
1281 2295 1380 2338 Gryn.
1415 2287 1457 2327 ab

40 2356 124 2388 laeva
148 2358 274 2388 semitae
300 2357 437 2398 paulum
465 2357 599 2393 extans)
651 2359 668 2386 5
697 2356 808 2386 diruta
821 2354 936 2384 Duker
972 2353 1004 2393 6,
1035 2357 1047 2384 l
1077 2359 1155 2394 post
1180 2355 1328 2385 maceria
1375 2353 1409 2389 8,
1440 2356 1455 2384 1

42 2415 222 2445 eundeerat
263 2419 283 2446 2
301 2415 472 2453 ingressus
494 2413 673 2454 pantaleon
690 2412 761 2453 1119.
818 2415 837 2442 3
865 2412 952 2451 regis
987 2410 1188 2442 Vascosanus
1235 2411 1267 2447 9,
1298 2415 1310 2442 l
1341 2414 1459 2442 exorta

41 2480 102 2502 aua
126 2473 192 2503 duo
253 2475 272 2502 2
299 2472 497 2502 deduouunt
554 2474 573 2501 3
600 2480 736 2500 umerus
762 2469 1098 2509 sopitusquiexemita
1129 2467 1458 2509 procliuitindecliue

43 2527 174 2570 Kreyss.
214 2528 337 2571 (Gryn.
364 2529 523 2560 humerus
549 2528 696 2568 sopitus:
734 2536 778 2556 ex
803 2526 920 2557 semita
943 2526 1083 2567 proclivi
1109 2526 1144 2556 in
1168 2526 1272 2565 decl.)
1329 2530 1349 2556 4
1376 2534 1457 2555 con-

41 2593 174 2625 gestum
235 2586 290 2623 10,
316 2590 335 2617 2
368 2587 543 2617 cedentem
604 2589 623 2616 3
651 2584 965 2624 constarinpauidus
991 2582 1098 2623 (Fort.
1127 2588 1246 2615 contra
1269 2583 1457 2623 inpavidus,

42 2642 129 2683 quod
152 2643 244 2674 etiam
270 2643 457 2685 Kreyssiqio
482 2643 514 2673 in
539 2648 664 2673 mentem
686 2641 801 2681 venit.)

1492 1784 1538 1818 10
