1753 2934
652 127 723 158 Lib.
753 126 1005 158 XLI—XLIV.
1424 131 1472 164 39

127 256 191 290 SC.
231 264 415 298 reportntae.
467 259 636 289 Eumenes
667 259 755 289 Asiae
791 268 849 288 rex
883 259 916 288 in
949 263 1064 288 senatu
1100 260 1140 288 ‹le
1168 258 1289 288 Perseo
1317 258 1528 289 Macedoniae

125 329 202 359 rege
231 327 367 360 questus
393 325 453 356 est,
482 320 574 350 cuius
601 319 727 349 iniuria:
755 321 786 350 in
818 320 974 360 populum
1006 320 1189 350 Romanum
1217 319 1414 350 reseruntur.
1475 319 1527 350 Ob

125 391 207 422 quas
235 381 326 412 bello
352 381 379 411 ei
408 381 542 417 indicto,
570 380 607 411 P.
633 380 783 411 Licinius
807 381 947 411 Crassus
974 391 1055 419 cos.⁷
1082 382 1133 411 eui
1161 382 1356 411 mandatum
1386 389 1466 417 erat,
1495 381 1527 411 in

125 443 355 473 Macedoniam
383 443 511 473 transiit
537 442 732 482 levibusque
763 441 1051 482 expeditionibus,
1095 442 1303 482 equestribus
1336 443 1459 482 prceliis
1495 443 1526 472 in

123 503 302 534 Thessalia
327 513 401 533 Cum
428 503 552 534 Perseo
575 514 689 544 parum
715 502 802 537 fellei
828 509 944 533 eventu
971 503 1143 543 pugnavit.
1198 503 1288 533 Inter
1313 503 1526 535 Masinissam

122 571 155 596 et
174 563 470 604 Carthaginienses
496 565 536 595 de
561 575 644 604 agro
673 564 734 596 fuit
761 565 817 602 lis3
844 565 912 595 dies
939 565 984 594 eis
1011 565 1054 594 ad
1081 565 1334 605 disceptandum
1363 576 1381 595 a
1409 572 1527 595 senatu

123 627 230 657 datus.
282 626 399 665 Legati
427 626 517 656 missi
545 627 585 656 ad
614 626 722 657 socias
748 627 896 657 civitates
925 635 1085 666 regesque
1119 627 1298 665 rogandos,
1332 633 1367 657 ut
1397 628 1429 657 in
1463 628 1527 658 fide

122 694 373 728 permanerent.
411 688 642 718 dubitantibus
676 687 826 718 Rhodiis.
878 687 1034 718 Lustrum
1071 698 1090 718 a
1123 688 1318 719 censoribus
1356 690 1526 719 eonditum

122 755 188 786 est;
225 758 327 779 censa
359 755 436 779 sunt
473 749 591 779 civium
626 750 736 790 capita
762 739 1210 783 'CCLXVII‘CCxxm1›.
1264 750 1329 780 Res
1367 756 1527 790 praeterea

121 811 280 841 adversus
305 808 432 841 Corsos
459 815 491 840 et
519 811 657 849 Ligures
683 820 840 851 prospere
868 817 980 850 gestas
1007 812 1164 841 continet.

655 918 717 949 EX
743 917 831 948 LIB.
858 917 989 948 XLIII.

213 994 377 1026 Praetores
394 994 530 1035 aliquot,
554 1004 593 1025 eo
612 995 699 1035 quod
726 1004 825 1025 avare
848 1000 881 1025 et
902 994 1081 1025 crudeliter
1100 993 1292 1034 provincias
1315 992 1528 1024 administra-

121 1064 246 1094 verant,
275 1057 424 1087 damnati
451 1061 538 1086 sunt.
590 1056 628 1087 P.
645 1055 794 1087 Licinius
816 1055 954 1086 Crassus
979 1064 1108 1096 procos.
1138 1055 1327 1095 complures
1347 1055 1380 1084 in
1397 1054 1528 1086 Graecia

120 1120 218 1151 urbes
245 1118 450 1159 expugnavit
475 1123 507 1147 et
531 1117 712 1148 crudeliter
736 1118 906 1158 corripuit.
959 1115 1010 1148 Ob
1029 1117 1061 1146 id
1088 1115 1222 1156 captivi,
1251 1116 1306 1156 qui
1333 1116 1374 1147 ab
1400 1126 1439 1146 eo
1465 1115 1526 1146 sub

121 1189 245 1211 corona
278 1179 466 1216 venientia,
502 1188 544 1209 ex
580 1176 643 1209 SC.
682 1184 799 1219 postea
834 1178 979 1209 restituti
1019 1182 1108 1208 sunt.
1189 1177 1274 1208 Item
1308 1188 1328 1208 a
1361 1176 1527 1218 praefectis

120 1241 277 1272 classium
304 1240 532 1271 Romanorum
559 1239 663 1270 multa
698 1240 901 1280 impotenter
935 1240 967 1270 in
1000 1240 1108 1270 socios
1139 1238 1239 1270 facta.
1290 1240 1355 1269 Res
1382 1249 1401 1268 a
1426 1238 1527 1269 Perse

120 1311 198 1342 rege
230 1302 264 1332 in
293 1302 438 1333 Thracia
463 1311 619 1342 prospere
651 1308 762 1341 gestas
802 1302 966 1338 continet,
1002 1301 1098 1331 vietis
1131 1300 1299 1331 Dardanis
1335 1306 1367 1330 et
1400 1299 1526 1339 Illyria.

121 1363 214 1394 euius
247 1373 305 1394 rex
339 1371 408 1394 erat
435 1362 588 1394 Gentius.
647 1363 779 1402 Motus,
813 1363 866 1404 qui
901 1364 932 1393 in
967 1362 1132 1402 Hispania
1164 1362 1206 1392 ab
1239 1361 1384 1392 Olonico
1419 1359 1526 1391 factus

120 1431 206 1461 erat,
251 1425 322 1465 ipso
357 1425 557 1465 interempto
593 1425 754 1455 consedit.
820 1425 868 1456 M.
903 1424 1061 1455 AEmilius
1098 1423 1245 1464 Lepidus
1281 1433 1299 1453 a
1334 1422 1526 1453 censoribus

118 1487 272 1527 print-eps
299 1491 424 1517 senatus
448 1486 564 1517 lectus.

651 1569 714 1600 EX
740 1569 828 1600 LIB.
858 1569 983 1601 XLIV.

212 1645 252 1684 Q.
280 1646 428 1678 Marcius
455 1647 630 1687 Philippus
665 1656 723 1688 per
748 1647 856 1677 invios
883 1646 988 1677 saltus
1014 1647 1200 1687 penetravit
1227 1647 1259 1677 in
1286 1643 1523 1676 Macedoniam

117 1712 150 1737 et
197 1707 389 1747 complures
431 1709 532 1739 urbes
573 1707 758 1748 occupavit.
840 1707 962 1738 Rhodii
1008 1708 1168 1739 miserunt
1212 1708 1342 1748 legatos
1377 1706 1520 1736 Romam

117 1768 284 1799 minantes
300 1769 396 1809 fore,
428 1775 464 1800 ut
489 1768 615 1800 Perseo
651 1769 779 1800 auxilio
814 1776 944 1807 essent,
980 1770 1043 1800 nisi
1078 1769 1221 1810 populus
1248 1769 1421 1800 Romanus
1448 1777 1523 1797 cum

117 1830 175 1860 illo
208 1839 324 1870 pacem
361 1836 461 1870 atquc
495 1831 676 1861 amicitiam
705 1831 867 1870 iungeret.
927 1830 1071 1870 Indigno
1104 1831 1136 1860 id
1170 1831 1287 1861 latum.
1344 1828 1453 1866 Quum
1490 1828 1523 1858 id

116 1891 240 1922 bellum
277 1891 315 1922 L.
348 1891 488 1922 AEmilio
518 1891 625 1922 Paulo
651 1892 819 1932 sequentis
853 1892 931 1922 anni
959 1902 1028 1923 cos.
1056 1893 1175 1923 iterum
1204 1892 1399 1923 mandatum
1425 1895 1522 1920 esset.

115 1952 240 1984 Paulus
266 1953 299 1983 in
326 1953 482 1984 contione
508 1960 679 1994 precatus,
716 1959 770 1988 ut,
804 1953 964 1993 quidquid
992 1953 1054 1983 diri
1079 1953 1204 1993 populo
1231 1953 1387 1984 Romano
1412 1951 1524 1982 immi-

115 2020 218 2052 neret,
245 2014 278 2044 in
305 2024 399 2044 suam
427 2015 562 2046 domum
589 2021 848 2051 converteretur,
877 2022 909 2045 et
933 2016 965 2045 in
987 2015 1222 2045 Macedoniam
1248 2013 1418 2055 profectus
1444 2013 1524 2042 vicit

114 2075 241 2106 Persen
283 2081 454 2115 totamque
497 2077 731 2108 Macedoniam
772 2078 805 2106 in
857 2083 1057 2117 potestatem
1110 2077 1247 2116 redegit.
1329 2076 1522 2115 Antequam

115 2136 323 2176 confligeret,
374 2134 567 2177 praedixit‘2)
615 2139 794 2175 exercitui,
842 2148 883 2169 ne
927 2139 1119 2177 miraretur,
1166 2139 1254 2179 quod
1300 2137 1380 2168 luna
1426 2142 1524 2167 nocte

113 2198 266 2238 proxima
310 2197 483 2229 defectura
532 2205 629 2231 esset.
713 2197 854 2230 Gentius
899 2209 1032 2240 quoque
1080 2209 1139 2230 rex
1180 2199 1371 2240 Illyriorum
1420 2207 1522 2239 quum

113 2259 326 2295 rebellasset,
365 2268 385 2289 a
417 2260 455 2290 L.
484 2260 609 2290 Anicio
646 2266 787 2301 praetore
819 2261 925 2292 victus
961 2261 1049 2291 venit
1082 2261 1115 2291 in
1152 2261 1355 2291 deditionem
1386 2265 1418 2290 et
1448 2268 1523 2289 cum

113 2330 219 2351 uxore
246 2330 284 2350 ac
310 2320 424 2351 liberis
452 2327 485 2351 et
509 2322 706 2363 propinquis
733 2322 876 2353 Romam
903 2323 1021 2354 missus
1048 2329 1106 2353 est.
1156 2321 1275 2361 Legati
1301 2320 1522 2351 Alexandrini

112 2392 131 2412 a
158 2381 338 2422 Cleopatra
364 2388 397 2412 et
414 2381 601 2413 Ptolemaeo
626 2383 761 2423 regibus
787 2389 949 2414 venerunt
975 2388 1152 2423 querentes
1179 2384 1220 2414 de
1246 2382 1418 2414 Antiocho
1445 2391 1522 2421 rege

111 2442 236 2484 Syriae,
282 2443 371 2483 quod
409 2443 437 2474 is
472 2444 596 2474 bellum
639 2443 786 2475 inferret.
860 2444 1020 2481 Perseus,
1064 2445 1254 2476 sollicitatis
1289 2445 1322 2474 in
1359 2443 1522 2474 auxilium

197 2611 222 2643 ¹)
243 2611 379 2636 chxlx
409 2611 497 2635 millia
529 2615 554 2635 et
585 2611 638 2635 ΧΥ
665 2613 718 2636 Le'r.
742 2621 763 2636 r.
784 2614 823 2636 w.
918 2611 945 2640 ²)
966 2612 1104 2643 Sulpicius
1129 2612 1225 2638 Gallus
1251 2615 1284 2636 tr.
1310 2611 1366 2635 mil,
1395 2610 1522 2641 praedixit

110 2661 163 2684 Lm.
187 2668 208 2684 c.
230 2660 272 2683 37.
