1742 2902
443 117 544 147 Liber
569 116 678 147 xm.
732 117 790 156 (A.
820 116 898 148 chr.
933 116 1024 156 1⁷1.)
1352 118 1399 152 79

39 237 128 273 tatis
159 249 315 273 munere
344 238 437 282 fuit,
483 246 520 275 et
549 239 706 287 legatis,
753 227 855 285 qhod
898 245 935 274 et
968 238 1137 286 Philippi
1173 238 1277 285 prius
1305 244 1341 273 et
1371 245 1458 285 post

40 306 221 343 Antiochi
253 306 352 343 bello
383 308 494 343 enixe
525 308 645 344 adiuti
676 320 698 343 a
728 314 840 355 gente
870 307 1145 344 Thessalorum
1180 313 1317 344 essent.
1370 307 1456 343 Hac

42 381 172 411 mutua
199 376 566 413 commemoratione
596 377 817 413 meritorum
864 377 1014 413 accensi
1055 375 1171 411 animi
1204 375 1456 411 multitudinis

39 443 86 479 ad
117 444 247 479 omnia
276 444 541 490 decernenda,
586 458 670 494 quae
700 446 866 482 Romani
896 446 1046 481 vellent.
1130 444 1347 482 Secundum
1378 446 1450 481 hoc

38 512 236 549 concilium
267 513 382 561 legati
415 526 437 549 a
468 515 613 550 Perseo
644 527 734 563 rege
764 522 972 559 venerunt,
1006 514 1148 562 privati
1182 515 1349 550 maxime
1381 515 1454 550 ho-

37 581 138 630 spitii
165 582 317 624 fiducia,
352 583 455 630 quod
486 584 519 619 ei
549 590 749 632 paternum
781 596 866 621 cum
897 584 1046 620 Marcio
1078 590 1171 619 erat.
1249 584 1313 620 Ab
1344 584 1454 619 huius

36 651 321 688 necessitudinis
353 654 718 690 commemoratione
748 654 838 697 orsi,
868 654 1058 701 petierunt
1087 653 1225 700 legati,
1257 653 1293 687 in
1325 653 1454 688 conlo·

35 721 164 768 quium
195 721 372 758 veniendi
412 724 493 771 regi
523 730 753 771 potestatem
784 723 940 759 faceret.
1006 723 1177 758 Marcius
1207 729 1243 757 et
1275 734 1316 757 se
1348 722 1402 757 ita
1432 734 1454 757 a

35 796 143 839 patre
172 803 242 828 suo
274 793 468 840 accepisse
498 793 607 837 dixit,
638 792 843 829 amicitiam
861 792 1147 839 hospitiumque
1168 804 1251 827 cum
1272 791 1452 839 Philippo

35 859 173 904 fuisse,
217 866 250 895 et
289 861 444 897 minime
484 862 747 897 immemorem
778 861 1067 897 necessitudinis
1112 861 1192 896 eius
1222 861 1452 908 legationem

34 940 117 965 eam
150 929 376 977 suscepisse.
447 928 717 977 Conloquium,
747 931 779 966 si
809 931 902 966 satis
933 930 1134 966 commode
1165 930 1334 976 valeret,
1376 942 1452 966 non

33 997 150 1034 fuisse
182 1010 224 1034 se
255 998 482 1042 dilaturum;
526 1011 648 1043 nunc,
695 999 761 1035 ubi
801 999 967 1047 primum
999 1006 1153 1047 posset,
1200 999 1249 1035 ad
1279 999 1450 1034 Peneum

33 1068 184 1113 flumen,
216 1080 292 1115 qua
322 1069 505 1104 transitus
535 1070 585 1105 ab
615 1069 801 1105 Homolio
832 1069 950 1105 Dium
983 1075 1094 1113 esset,
1125 1068 1356 1117 praemissis,
1388 1068 1452 1115 qui

32 1137 251 1173 nuntiarent
278 1137 372 1185 regi,
403 1144 597 1174 venturos.

142 1207 194 1243 Et
226 1214 304 1243 tum
337 1207 490 1254 quidem
513 1209 562 1244 ab
588 1208 665 1244 Dio
693 1209 858 1244 Perseus
887 1209 925 1244 in
955 1207 1138 1243 interiora
1168 1207 1276 1254 regni
1306 1206 1447 1255 recepit

31 1288 92 1320 se,
134 1276 208 1312 levi
251 1289 347 1313 aura
381 1278 463 1324 spei
504 1278 677 1323 obiecta,
723 1278 825 1326 quod
856 1278 1028 1313 Marcius
1066 1277 1185 1324 ipsius
1219 1288 1338 1312 causa
1367 1288 1449 1311 sus-

31 1345 176 1393 cepisse
206 1357 247 1382 se
274 1347 504 1395 legationem
537 1347 717 1391 dixissen
762 1353 850 1394 post
888 1347 968 1382 dies
1010 1357 1155 1393 paucos
1187 1346 1235 1381 ad
1266 1346 1449 1382 constitu-

30 1421 107 1451 tum
155 1414 281 1451 locum
330 1423 526 1452 venerunt.
602 1417 769 1464 Magnus
813 1416 1016 1452 comitatus
1060 1415 1132 1452 fuit
1170 1415 1318 1462 regius,
1360 1427 1444 1451 cum

29 1483 238 1520 amicorum
269 1491 349 1521 tum
379 1485 585 1521 satellitum
617 1486 730 1521 turba
758 1486 937 1533 stipante.
994 1485 1086 1521 Non
1116 1484 1263 1519 minore
1294 1483 1444 1530 agmine

27 1552 143 1600 legati
173 1559 382 1597 venerunt,
431 1560 467 1589 et
504 1555 553 1590 ab
585 1555 725 1590 Larisa
761 1555 889 1591 multis
920 1553 1242 1603 prosequentibus
1273 1559 1310 1588 et-
1339 1552 1444 1600 lega-

28 1621 192 1657 tionibus
224 1622 458 1667 civitatium,
505 1635 589 1671 quae
629 1631 889 1660 convenerant
930 1624 1108 1660 Larisam
1152 1629 1188 1657 et
1227 1622 1445 1658 renuntiare

28 1689 182 1727 domum
221 1697 346 1736 certa,
391 1704 475 1739 quae
513 1692 726 1738 audissent,
768 1693 962 1729 volebant.
1028 1692 1161 1728 Inerat
1198 1704 1290 1728 cura
1330 1692 1443 1728 insita

29 1761 253 1796 mortalibus
296 1761 451 1797 videndi
494 1763 785 1810 congredientes
831 1762 998 1798 nobilem
1049 1773 1178 1809 regem
1231 1768 1268 1796 et
1312 1761 1444 1809 populi

0 1842 1 1852 ¹
27 1829 207 1878 principis
233 1836 422 1867 terrarum
449 1832 618 1868 omnium
645 1832 808 1880 legatos.
860 1831 909 1867 Ut
938 1832 976 1867 in
1008 1836 1214 1879 conspectu
1245 1837 1442 1872 steterunt,

0 1898 1 1942 ᾖ
28 1898 226 1935 dirimente
267 1901 393 1945 amni,
437 1901 634 1948 paulisper
666 1900 979 1936 internuntiando
1011 1899 1203 1936 cunctatio
1235 1899 1325 1944 fuit,
1369 1900 1442 1935 utri

0 1975 1 1996 l
28 1969 395 2016 transgrederentur.
466 1969 628 2017 Aliquid
658 1970 713 2005 illi
742 1971 857 2018 regiae
886 1969 1101 2013 maiestati,
1133 1969 1276 2016 aliquid
1309 1969 1348 2004 hi
1373 1981 1441 2016 po-

0 2057 1 2064 1
27 2036 104 2084 puli
115 2037 281 2073 Romani
298 2038 454 2083 nomini,
480 2051 564 2074 cum
587 2040 798 2087 praesertim
814 2041 978 2076 Perseus
999 2039 1156 2087 petisset
1184 2038 1441 2085 conloquium,

0 2105 310 2154 ,existumabant
349 2108 490 2144 deberi.
565 2108 658 2144 Ioco
699 2109 812 2144 etiam
844 2108 1016 2144 Marcius
1057 2113 1278 2143 cunctantes
1309 2108 1440 2145 movit.

0 2254 1 2259 ¹
29 2265 48 2292 4
73 2264 196 2293 antioci
219 2264 224 2302 1
246 2273 266 2294 a
291 2263 561 2302 gentessalorum
614 2263 644 2301 7,
677 2267 689 2294 l
721 2270 780 2294 aut
805 2269 921 2294 mutua
945 2263 977 2302 8,
1005 2268 1023 2294 2
1050 2265 1220 2305 priuatum
1243 2267 1248 2307 Ι
1269 2267 1391 2308 hospiti
1421 2272 1439 2298 3

28 2320 113 2359 quod
132 2326 164 2351 et
184 2326 363 2361 paternum
400 2320 431 2358 9,
447 2324 465 2351 3
483 2320 587 2352 fuisse
611 2321 791 2351 minimum
816 2309 1000 2353 memffim
1020 2322 1130 2354 Weiss.
1159 2330 1192 2354 et
1217 2323 1296 2355 add.
1337 2324 1391 2365 10,
1423 2328 1435 2354 1

32 2373 129 2417 Gryn.
157 2386 222 2407 non
249 2377 354 2408 fuisse
380 2377 564 2408 dilaturum
632 2382 651 2408 3
679 2378 944 2409 abomonodium
1005 2378 1181 2417 XXXIX,
1215 2381 1247 2418 1,
1278 2385 1291 2411 l
1322 2381 1440 2421 recipit

0 2434 1 2443 ¹
31 2431 180 2474 Anonym.
232 2434 264 2471 2,
295 2437 306 2464 1
339 2434 509 2474 cogitatus
561 2439 578 2465 2
607 2435 722 2465 turbas
751 2438 770 2465 3
801 2434 898 2476 Gryn.
925 2436 1062 2467 Larissa
1086 2444 1116 2468 et
1138 2438 1183 2468 sic
1208 2438 1320 2478 ubique
1361 2438 1393 2475 3,
1424 2442 1436 2468 1

27 2488 157 2520 inerant
194 2493 213 2520 2
240 2491 379 2521 uiuendi
407 2491 704 2530 congredientibus
754 2495 772 2522 3
796 2492 928 2532 legatos
950 2494 983 2523 in
1007 2500 1188 2535 conspectu
1206 2494 1277 2535 My.
1317 2493 1438 2535 (Gr-yn.

28 2543 212 2585 Postquam
239 2547 274 2578 in
296 2547 432 2587 consp.)
471 2547 504 2585 4,
522 2550 541 2578 2
569 2549 730 2579 dirimene
744 2547 748 2586 Ι
764 2547 862 2590 Gryn.
891 2559 988 2581 amne
1011 2550 1015 2592 Ι
1037 2550 1101 2582 suit
1113 2552 1161 2582 uti
1201 2555 1219 2581 3
1235 2552 1360 2591 aliquid
1376 2541 1438 2591 p.—r

28 2601 60 2639 5,
93 2606 104 2633 1
132 2603 208 2635 loco
230 2604 237 2643 Ι
259 2605 495 2635 cunctantibus

1479 302 1509 342 '7

1482 447 1504 481 8

1490 931 1534 964 ΙΟ

1508 1203 1560 1246 39

1473 2110 1495 2143 5
