1742 2902
168 309 213 343 10

303 118 352 153 86
651 115 753 147 Liber
778 114 890 147 XLII.
943 115 1003 155 (A.
1032 125 1062 147 u.
1091 125 1119 147 c.
1149 115 1245 156 583.)

246 248 380 273 manos
412 236 587 273 Larisam
618 236 801 285 profecti,
831 250 987 274 eausam
1019 251 1103 275 cum
1135 239 1279 275 Perseo
1309 237 1503 273 societatis
1533 237 1570 273 in
1600 238 1657 274 Is-

246 305 409 341 meniam
460 305 710 342 contulerant.
789 307 852 344 Ex
896 320 937 344 ea
982 308 1226 345 contentione
1277 313 1401 343 ortum
1449 313 1654 344 certamen.

246 374 458 421 Utriusque
487 380 616 410 tamen
647 376 768 423 partis
798 376 915 424 legati
941 377 988 413 ad
1012 379 1210 415 Romanos
1233 382 1429 421 venerunt,
1460 382 1497 412 et
1527 375 1658 412 exules

244 451 567 492 accusatoresque
596 445 772 481 Ismeniae
803 452 839 482 et
870 447 1056 482 Ismenias
1088 448 1179 495 ipse.

356 511 577 550 Chalcidem
609 521 650 549 ut
679 522 833 551 ventum
865 521 933 560 est,
965 516 1125 552 aliarum
1153 516 1361 552 civitatium
1387 514 1590 563 principeS,
1620 513 1660 550 id

244 583 347 631 quod
379 596 557 620 maxume
587 592 740 632 gratum
768 592 849 621 erat
878 586 1086 630 Romanis,
1128 597 1196 621 suo
1238 584 1379 632 quique
1409 584 1564 632 proprie
1594 583 1658 619 de-

243 660 347 690 creto
379 654 526 701 regiam
557 654 780 690 societatem
822 655 1037 703 aspernati,
1080 654 1266 691 Romanis
1307 666 1348 689 se
1379 653 1658 700 adiungebant3

241 723 430 760 Ismenias
475 729 625 771 gentem
672 723 897 760 Boeotorum
943 724 980 760 in
1024 724 1135 760 fidem
1179 725 1443 760 Romanorum
1490 721 1658 770 permitti

243 804 362 828 aecum
403 793 594 828 censebat.
661 793 757 829 Inde
797 793 1003 830 certamine
1034 800 1141 839 orto,
1182 793 1254 829 nisi
1286 793 1322 828 in
1354 791 1520 828 tribunal
1550 791 1658 839 lega-

242 868 367 898 torum
400 862 652 911 perfugisset,
683 863 787 899 haud
819 864 976 900 multum
1009 863 1126 907 afuit,
1169 862 1259 910 quin
1291 862 1338 897 ab
1371 861 1545 898 exulibus
1573 860 1658 897 fau-

242 932 465 980 toribusque
503 945 633 969 eorum
672 933 957 969 interficeretur.
1024 933 1169 969 Thebae
1208 944 1362 979 quoque
1399 931 1512 979 ipsae,
1554 931 1660 978 quod

242 1002 402 1038 Boeotiae
433 1010 549 1051 caput
580 1008 656 1047 est,
685 1003 722 1038 iu
756 1015 895 1051 magno
928 1009 1032 1038 motu
1063 1008 1190 1046 erant,
1225 1001 1309 1037 aliis
1341 1001 1390 1036 ad
1419 1012 1547 1048 regem
1582 1006 1659 1036 tra-

242 1072 419 1109 hentibus
450 1073 657 1117 civitatem,
689 1072 772 1108 aliis
803 1073 852 1108 ad
883 1074 1092 1110 Romanos.
1156 1070 1206 1106 Et
1237 1071 1350 1106 turba
1380 1069 1657 1107 Coronaeorum

241 1141 601 1190 Haliartiorumque
643 1148 875 1179 convenerat
915 1142 963 1178 ad
1006 1140 1283 1178 defendendum
1318 1140 1511 1176 decretum
1544 1140 1659 1187 regiae

241 1211 446 1248 societatis.
512 1212 589 1249 Sed
620 1212 835 1249 constantia
865 1211 1091 1260 principum,
1122 1210 1338 1246 docentium
1368 1210 1540 1246 cladibus
1567 1209 1660 1246 Phi-

240 1279 335 1329 lippi
365 1281 639 1330 Antiochique,
671 1289 816 1330 quanta
847 1287 946 1317 esset
972 1281 1029 1317 vis
1052 1287 1089 1316 et
1117 1279 1272 1316 fortuna
1298 1279 1447 1328 imperii
1477 1279 1657 1324 Romani,

241 1349 343 1386 victa
373 1352 526 1388 tandem
554 1352 756 1388 multitudo
785 1358 833 1395 et,
866 1357 906 1386 ut
935 1349 1131 1386 tolleretur
1152 1350 1259 1398 regia
1286 1350 1463 1394 societas,
1491 1348 1660 1385 decrevit

242 1426 279 1456 et
318 1432 404 1466 eos,
454 1422 518 1468 qui
559 1429 735 1458 auctores
777 1421 1014 1469 paciscenda}
1051 1419 1227 1456 amicitiae
1256 1419 1426 1463 fuerant,
1467 1418 1515 1454 ad
1546 1418 1658 1454 satis-

241 1489 458 1527 faciendum
484 1491 620 1539 legatis
639 1490 858 1528 Chalcidem
891 1491 1004 1535 misit,
1028 1490 1192 1537 fideique
1221 1489 1434 1538 legatorum
1466 1500 1657 1525 commen-

244 1560 327 1596 dari
358 1560 549 1597 civitatem
583 1561 701 1597 iussit.
775 1561 984 1597 Thebanos
1022 1559 1191 1596 Marcius
1229 1565 1265 1595 et
1298 1559 1440 1595 Atilius
1480 1558 1555 1594 laeti
1593 1570 1660 1594 au-

243 1630 414 1675 dierunt,
455 1636 709 1678 auctoresque
747 1636 782 1666 et
823 1630 880 1666 his
921 1635 953 1665 ει
992 1629 1198 1676 separatim
1240 1629 1398 1676 singulis
1429 1628 1582 1665 fuerunt
1612 1621 1661 1664 ad

240 1700 503 1736 renovandam
537 1700 742 1736 amicitiam
779 1699 951 1736 mittendi
983 1686 1147 1735 Romam
1179 1698 1339 1746 legatos.
1399 1698 1504 1733 Ante
1531 1696 1661 1732 onmia.

243 1769 373 1806 exules
414 1770 560 1806 restitui
601 1771 791 1806 iusserunt
833 1776 869 1805 et
906 1775 1081 1804 auctores
1120 1767 1234 1815 regiae
1272 1767 1466 1803 societatis
1506 1767 1660 1803 decreto

241 1851 310 1875 suo
341 1839 583 1875 damnarunt.
630 1840 703 1884 Ita,
730 1840 832 1887 quod
862 1850 1042 1875 maxume
1067 1838 1261 1883 volebant,
1287 1837 1459 1874 discusso
1486 1837 1660 1872 Boeotico

242 1908 425 1954 concilio,
455 1911 490 1944 in
524 1909 833 1957 Peloponnesum
869 1909 1184 1957 proficiscuntur,
1217 1907 1300 1945 Ser.
1334 1906 1512 1943 Cornelio
1542 1906 1660 1944 Chal-

243 2108 262 2136 4
281 2105 481 2136 hismeniam
525 2104 580 2143 10,
600 2109 612 2136 l
633 2114 675 2135 ex
689 2105 906 2135 contentione
920 2103 991 2144 My.
1019 2107 1037 2134 2
1057 2104 1204 2143 (Tamen
1221 2113 1282 2144 quo
1296 2102 1460 2143 pertineat,
1478 2102 1614 2142 nescio.)
1640 2106 1659 2133 3

242 2161 405 2192 iismeniae
432 2162 627 2200 XL1V‚1,1
649 2162 809 2193 calcidem
823 2160 826 2201 Ι
840 2162 971 2193 alarum
999 2165 1088 2192 2su0
1102 2169 1236 2201 quoque
1246 2160 1381 2200 proprio
1402 2159 1541 2199 Vahlen3
1561 2159 1658 2201 Gryn.

242 2229 303 2250 suo
323 2221 445 2260 quique
463 2221 599 2261 proprio
619 2219 770 2261 (Kreyss.
798 2219 865 2250 tolli
885 2219 1020 2260 proprio
1036 2218 1185 2258 volebat.)
1228 2222 1247 2248 3
1266 2218 1437 2259 propriam
1464 2218 1661 2248 societatem

243 2275 375 2318 Kreyss.
406 2276 523 2319 (Gryn.
541 2278 654 2309 Persei
670 2278 886 2316 societatem)
921 2277 925 2318 Ι
960 2282 1137 2317 aspernata
1170 2276 1174 2315 Ι
1210 2276 1419 2315 diungebant
1445 2279 1465 2305 4
1484 2275 1662 2306 boetorum

243 2333 274 2371 3,
306 2337 319 2364 l
350 2334 419 2374 ipse
493 2339 511 2364 2
539 2336 659 2366 boeti-<e
682 2337 687 2374 ἱ
709 2336 744 2366 in
776 2339 940 2374 magnotu
966 2339 1061 2365 erant
1087 2332 1218 2374 Kreyss.
1250 2332 1367 2373 (Gr-yn.
1397 2333 1432 2363 iu
1459 2342 1584 2372 magno
1610 2338 1660 2363 tu-

243 2391 352 2422 multu
379 2392 492 2432 erant)
515 2392 520 2433 Ι
543 2392 599 2422 atii
627 2397 645 2423 3
665 2393 725 2424 alis
776 2392 809 2429 4,
830 2396 848 2423 2
868 2392 1128 2430 anatim-umque
1155 2389 1305 2431 (Kreyss.
1334 2400 1373 2421 eo
1400 2390 1624 2429 convenerat)
1654 2388 1658 2430 Ι

244 2448 425 2480 defendam
465 2453 484 2479 3
506 2451 703 2481 constantiae
735 2455 755 2481 4
775 2450 990 2490 anthiocique
1012 2450 1017 2488 1
1040 2449 1157 2490 imperi
1197 2451 1214 2478 5
1235 2448 1325 2478 uicta
1344 2448 1460 2478 eadem
1479 2447 1661 2479 multitudo

245 2507 317 2550 My.
344 2507 416 2538 Em.
445 2506 516 2538 535
567 2510 583 2538 7
614 2509 776 2539 calcidcm
838 2507 871 2545 5,
901 2511 913 2538 1
944 2507 999 2537 leti
1023 2507 1027 2545 1
1052 2512 1083 2536 ct
1108 2506 1160 2536 his
1186 2505 1365 2546 separatim
1405 2504 1503 2537 Gron.
1579 2503 1612 2542 6,
1639 2507 1659 2536 3

243 2565 692 2606 boeticoncilioponneusum
743 2565 861 2607 (Gt-yn.
898 2565 1053 2596 Boeotico
1096 2564 1237 2595 consilio
1270 2563 1458 2604 Peloponn.
1499 2561 1660 2604 Proeposi-

242 2624 353 2655 tionem
378 2634 433 2665 eyo
459 2622 604 2663 addidi.)
655 2626 675 2653 4
701 2633 786 2663 serg.
814 2623 962 2654 cornelio
989 2622 1175 2653 calchidem
1201 2621 1365 2653 arcersito
