1742 2902
330 133 402 169 112
684 127 785 158 Liber
809 124 919 156 XLII.
964 124 1026 164 (A.
1053 134 1085 155 u.
1115 133 1142 155 c.
1172 124 1266 164 583.)

269 263 405 288 manos
435 250 536 285 cirea
567 260 614 283 ex
652 247 754 294 agris
785 246 999 282 demessum
1029 245 1260 282 frumentum
1291 245 1516 289 convehere,
1547 244 1681 284 deinde

271 329 358 355 ante
398 329 468 353 sua
505 329 695 364 quemque
733 317 913 353 tentoria.
934 317 1060 364 spicas
1097 315 1264 352 fascibus
1304 314 1566 359 desecantem,
1605 326 1679 362 quo

271 388 402 436 purius
445 386 674 422 frumentum
717 394 874 430 tereret,
918 386 1091 433 ingentes
1136 395 1294 421 acervos
1334 396 1402 431 per
1435 389 1517 419 tota
1555 389 1682 422 castra.

220 462 229 471 ¹
272 463 567 492 stramentorum
613 455 770 499 fecisse,
813 463 919 492 ratus
964 455 1139 491 incendio
1187 460 1404 502 opportuna
1442 464 1537 497 esse,
1578 451 1682 490 faces

273 526 487 572 taedamque
519 530 554 559 et
585 523 783 559 malleolos
809 531 957 573 stuppae
987 525 1114 560 inlitos
1139 524 1221 572 pice
1254 522 1382 571 parari
1413 523 1529 565 iubet,
1559 521 1683 569 adque

274 595 327 630 ita
358 594 483 630 media
513 600 623 629 nocte
653 593 848 640 profectus
867 601 929 637 est,
961 603 1000 629 ut
1022 594 1145 641 prima
1175 593 1258 628 luce
1290 593 1494 640 adgressus
1524 590 1683 639 falleret.

275 664 548 710 Nequidquam
581 662 712 709 primae
743 662 927 698 stationes
958 675 1151 710 oppressae
1174 662 1333 697 tumultu
1366 674 1411 697 ae
1441 668 1587 697 terrore
1615 673 1683 698 suo

273 741 420 769 ceteros
451 733 725 775 excitaverunt,
755 732 982 780 signumque
1013 733 1143 767 datum
1175 740 1231 767 est
1263 743 1370 767 arma
1399 730 1591 778 extemplo
1622 741 1686 766 ea-

276 803 420 850 piendi;
458 802 645 848 simulque
683 801 718 836 in
757 802 872 845 vallo,
899 802 946 837 ad
979 810 1110 850 portas
1142 801 1248 837 miles
1278 802 1482 836 instructus
1517 806 1620 844 erat,
1651 806 1686 836 et

225 874 236 880 “
275 881 292 914 †
321 872 357 907 in
376 880 506 907 conste
524 871 820 918 oppugnationis
838 879 1062 908 castrorum.
1107 872 1271 907 Perseus
1296 868 1370 918 [etv]
1393 869 1584 917 extemplo
1616 869 1686 905 eir-

276 941 441 988 cumegit
474 941 592 976 aciem
625 949 662 976 et
697 941 819 988 prima
844 941 1117 988 impedimenta
1135 941 1201 982 ire,
1228 939 1363 974 deinde
1389 939 1555 987 peditum
1579 938 1689 986 signa

275 1011 365 1047 ferri
406 996 652 1058 iussin-ipse
689 1023 773 1047 cum
811 1011 981 1057 equitatu
1025 1018 1061 1046 et
1100 1010 1174 1045 levi
1214 1016 1411 1044 armatura
1443 1008 1608 1044 substitit
1639 1007 1689 1044 ad

277 1093 414 1128 agmen
446 1081 677 1129 cogendum,
708 1089 832 1122 ratus,
871 1080 906 1115 id
943 1079 1045 1127 quod
1077 1079 1236 1121 accidit,
1272 1079 1510 1114 insecuturos
1544 1077 1592 1113 ad
1623 1089 1710 1122 ωι-Δ

278 1158 400 1186 trema
436 1151 483 1185 ab
516 1158 622 1197 tergo
654 1150 847 1198 carpenda
878 1150 1018 1185 hostes.
1070 1150 1195 1184 Breve
1216 1156 1408 1184 certamen
1439 1147 1533 1183 levis
1564 1159 1690 1182 arma·

277 1227 371 1255 tnrae
402 1219 567 1255 maxime
593 1232 676 1255 eum
701 1219 1034 1267 procursatoribus
1067 1218 1155 1261 fui13
1186 1219 1332 1265 equites
1359 1217 1582 1266 peditesque
1611 1216 1692 1253 sine

277 1289 441 1325 tumultu
472 1289 508 1324 in
540 1297 667 1324 castra
695 1289 899 1326 redierunt.
946 1288 1141 1324 Demessis
1163 1289 1266 1324 circa
1291 1287 1496 1335 segetibuS,
1526 1284 1693 1322 Romani

279 1360 328 1395 ad
360 1359 579 1401 Crannona,
610 1358 791 1393 intactum
824 1370 971 1405 agrum,
1003 1366 1130 1393 castra
1160 1365 1327 1393 movent.
1378 1356 1438 1392 lbi
1464 1368 1547 1391 cum
1571 1354 1694 1392 securi

278 1437 314 1464 et
344 1436 501 1477 propter
530 1426 846 1475 longinquitatem
880 1435 916 1463 et
946 1428 1016 1463 viae
1046 1427 1170 1475 inopis
1201 1439 1388 1474 aquarum
1416 1425 1691 1472 difficultatem,

279 1511 361 1546 qnae
395 1499 493 1534 inter
515 1498 714 1545 Sycurium
741 1505 776 1534 et,
800 1497 1007 1534 Crannona
1038 1505 1106 1541 est,
1138 1497 1278 1532 stativa
1307 1497 1511 1541 haberent,
1538 1500 1693 1542 repente

278 1569 402 1616 prima
433 1568 516 1603 luce
545 1570 579 1603 in
610 1568 891 1603 imminentibus
933 1567 1087 1602 tumulis
1122 1567 1312 1614 equitatus
1343 1566 1470 1613 regius
1501 1577 1585 1600 cum
1620 1563 1694 1601 levi

279 1646 477 1674 armatura
506 1639 609 1673 visus
641 1638 829 1684 ingentem
863 1637 1063 1672 tumultum
1095 1636 1196 1674 feeit.
1240 1636 1371 1673 Pridie
1400 1648 1468 1683 per
1498 1634 1692 1670 meridiem

280 1707 441 1756 profecti
476 1709 524 1743 ab
555 1708 716 1756 Sycurio
749 1714 875 1751 erant3
906 1707 1072 1754 peditum
1110 1719 1246 1754 agmen
1277 1707 1347 1742 sub
1378 1705 1500 1740 lucem
1531 1704 1694 1751 relique·

280 1785 367 1814 rant
406 1778 442 1813 in
481 1790 672 1826 proxuma
711 1777 877 1826 planitie.
937 1777 1051 1814 Stetit
1091 1776 1287 1824 paulisper
1328 1776 1366 1811 in
1398 1774 1572 1820 tumulis,
1612 1772 1695 1810 elici

283 1995 301 2021 3
318 1993 440 2032 spicias
463 1992 469 2033 Ι
495 1992 593 2023 Gron.
611 1992 756 2023 falcibus
799 1996 818 2022 4
834 1998 941 2023 terere
955 1998 987 2023 et
1002 1992 1148 2029 ingentis
1170 1990 1175 2031 Ι
1197 1996 1267 2021 tota
1283 1995 1584 2021 casti-omentorum
1625 1989 1658 2026 3,
1677 1991 1692 2021 1

283 2058 355 2079 esse
370 2050 614 2090 sustaednmque
662 2054 679 2080 ‘2
697 2050 873 2081 malleolus
917 2054 936 2080 3
951 2049 1122 2090 profectus
1136 2055 1169 2078 ut
1187 2048 1257 2088 ssis).
1282 2050 1287 2087 1
1310 2047 1425 2078 fallere
1474 2046 1507 2084 4,
1527 2051 1538 2077 1
1568 2045 1696 2088 (Vulqo

283 2106 515 2147 intorpnnynnt:
544 2107 790 2148 Nequit-quam.
836 2108 959 2138 Primoe
985 2113 1040 2138 cet.
1069 2106 1140 2136 Em.
1170 2105 1257 2143 5217)
1325 2109 1342 2135 2
1375 2104 1473 2145 Gryn.
1502 2105 1697 2135 exciverunt

283 2167 302 2193 3
331 2163 419 2194 Fert.
449 2165 482 2194 in
509 2165 598 2195 vallo
626 2171 657 2195 et
683 2165 725 2195 nd
752 2171 866 2204 portas
933 2169 951 2194 4
981 2171 1013 2194 et
1039 2165 1191 2194 inconste
1219 2162 1481 2202 oppugnationis
1509 2168 1695 2193 castrorum

283 2220 451 2251 flavidis-se
478 2221 610 2257 vidvlur,
645 2220 763 2252 relictis
789 2221 897 2252 litteris
923 2223 1040 2258 incon,
1074 2227 1212 2251 extrema
1235 2230 1315 2259 pars
1345 2219 1500 2249 sententiae
1525 2224 1553 2249 et
1577 2219 1696 2249 initium

282 2279 447 2317 sequentis,
474 2279 561 2308 cuius
587 2278 652 2309 laec
678 2278 801 2309 videtur
815 2281 929 2320 forma
945 2279 1069 2320 Jiu'sse:
1109 2277 1242 2308 Omissa
1268 2287 1325 2317 spe
1351 2276 1614 2316 oppugnationis
1641 2285 1696 2307 ca-

285 2342 428 2365 strorum
448 2335 588 2366 Perseus
605 2337 785 2376 extemplo.
799 2348 856 2368 0111.
870 2344 901 2367 ct
924 2336 1044 2377 (Ην-μη.
1062 2337 1243 2366 instructus
1261 2341 1331 2363 erat
1345 2340 1377 2363 et
1391 2334 1537 2364 intentus
1551 2342 1697 2373 propug-

284 2393 410 2422 nationi
431 2394 645 2434 castrorum.)
713 2394 744 2427 5,
762 2398 778 2423 ·.)
801 2395 872 2424 acie
922 2399 938 2424 5
963 2395 1070 2424 hostis
1133 2392 1163 2424 7.
1186 2396 1203 2422 2
1227 2392 1268 2421 ad
1296 2400 1499 2421 crannonam
1524 2391 1638 2431 (Gr-yn.
1655 2389 1697 2421 ad

285 2448 516 2480 Ciannonium
546 2451 622 2485 int.)
646 2452 650 2489 Ι
674 2459 784 2482 castra
811 2453 1023 2482 mouentibus
1049 2451 1092 2480 ibi
1120 2449 1182 2489 (ll.
1203 2449 1247 2478 bis
1265 2449 1361 2479 scribi
1378 2449 1421 2478 ibi
1441 2458 1515 2478 eum
1537 2447 1637 2484 dicit.)
1675 2449 1695 2478 3

284 2514 420 2547 propter
452 2517 525 2537 cum
553 2508 740 2547 longintate
784 2510 902 2550 (Gryn.
939 2515 1074 2550 propter
1106 2513 1291 2537 castrorum
1326 2504 1625 2545 longinquitatem)
1675 2506 1696 2535 4

285 2565 443 2594 sicui-ium
469 2570 501 2594 et
527 2567 710 2596 cranninna
788 2566 820 2603 8,
849 2570 866 2597 2
894 2567 969 2597 luce
996 2564 1246 2596 imminentibus
1320 2567 1339 2593 4
1365 2563 1486 2603 sycirio
1508 2562 1513 2604 Ι
1534 2562 1597 2593 sub
1623 2562 1698 2593 luce

286 2625 303 2651 5
331 2622 489 2661 planitiae
538 2622 569 2658 9,
602 2626 612 2652 l
642 2622 853 2654 J’robabiliter
877 2623 1015 2655 Ilelclius
1040 2622 1211 2663 paulisper
1235 2620 1379 2651 Perseus
