1753 2934
144 368 196 413 35

312 114 390 150 256
660 112 762 141 Liber
787 111 896 143 XLV.
966 112 1024 150 (A.
1057 122 1087 143 u.
1116 122 1144 143 c.
1174 113 1271 149 587.)

254 239 295 269 ut
347 233 538 281 extemplo
583 245 715 280 pacem
761 233 949 279 facerent,
995 241 1087 283 aput
1128 233 1265 271 Gallos
1308 233 1445 270 nullius
1490 233 1671 270 momenti

254 302 382 339 fuisse.

366 374 528 409 Romam
573 371 736 419 primum
775 385 884 420 reges
931 373 1093 421 captivi,
1133 374 1297 410 Perseus
1337 379 1374 409 et
1411 372 1594 416 Gentius,
1633 373 1671 409 in

254 440 466 476 custodiam
499 453 582 476 cum
605 442 733 478 liberis
755 444 921 487 abducti,
945 444 1029 479 dein
1052 444 1164 479 turba
1195 444 1271 479 alia
1301 443 1554 491 captivorum,
1576 449 1669 487 tuni,

254 510 392 558 quibus
423 511 680 547 Macedonum
713 513 975 549 denuntiatum
1008 520 1108 557 erat,
1149 521 1190 549 nt
1220 515 1383 550 Romam
1416 513 1607 557 venii-ent,
1639 519 1671 549 et

251 580 464 628 principum
488 580 661 620 Graeciae.
721 583 824 619 Nam
856 583 880 619 ii
903 596 1054 631 quoque
1084 596 1159 619 non
1187 584 1308 619 solum
1332 590 1535 631 praesentes
1557 583 1669 619 exciti

251 656 377 691 erant,
415 651 483 686 sed
523 651 657 694 etiam,
698 652 729 688 si
771 653 835 700 qui
872 660 965 701 aput
998 665 1107 701 reges
1139 665 1220 689 esse
1251 653 1497 698 dicebantur,
1536 653 1670 688 litteris

251 720 422 756 arcessiti
458 727 556 755 sunt.
618 722 763 758 Paulus
801 723 882 770 ipse
920 729 1006 771 post
1043 723 1122 758 dies
1162 735 1306 771 paucos
1343 723 1451 770 regia
1482 735 1579 758 nave
1610 723 1669 758 in-

249 790 372 837 gentis
395 791 677 838 magnitudinis,
701 805 816 840 quam
839 793 942 828 XVI
963 805 1096 828 versus
1117 805 1307 828 remorum
1332 793 1510 840 agebant,
1532 799 1669 828 ornata

248 859 509 896 Macedonicis
540 861 672 909 spoliis
702 875 777 898 non
810 863 1012 911 insignium
1039 870 1184 899 tanturn
1218 875 1425 906 armorum,
1456 861 1523 897 sed
1553 862 1667 896 etiam

248 929 439 976 regiorum
481 931 688 972 textilium,
727 933 890 969 adverso
931 933 1063 969 Tiberi
1104 933 1150 968 ad
1191 933 1322 968 urbem
1362 939 1419 967 est
1451 931 1667 975 subvectus,

249 1000 434 1047 conpletis
472 1001 564 1049 ripis
603 1002 756 1038 obviam
803 1002 925 1038 effusa
964 1002 1213 1038 multitudine.
1273 1004 1425 1040 Paucos
1466 1009 1552 1050 post
1587 1002 1666 1038 dies

248 1070 410 1105 Anicius
442 1077 480 1106 et
510 1070 695 1107 Octavius
737 1073 858 1109 classe
897 1086 967 1109 sua
1007 1073 1168 1109 advecti.
1227 1073 1369 1109 Tribus
1408 1073 1454 1108 iis
1491 1072 1666 1107 omnibus

248 1139 422 1175 decretus
466 1147 523 1176 est
562 1142 610 1177 ab
649 1149 781 1178 senatu
821 1143 1054 1191 triumphus,
1097 1144 1397 1190 mandatumque
1441 1142 1487 1189 Q.
1531 1141 1666 1178 Cassio

246 1210 412 1257 praetori,
443 1222 527 1246 cum
550 1212 709 1247 tribunis
732 1212 851 1259 plebis
874 1220 1016 1261 ageret,
1043 1226 1089 1249 cx
1121 1213 1348 1249 auctoritate
1378 1220 1528 1261 patrum
1552 1225 1666 1260 roga-

246 1279 388 1315 tionem
421 1281 469 1315 ad
499 1281 646 1328 plebem
679 1282 834 1327 ferrent,
865 1290 906 1319 ut
934 1283 992 1327 iis,
1026 1296 1100 1331 quo
1132 1284 1192 1319 die
1222 1284 1354 1319 urbem
1387 1282 1666 1328 triumphantes

246 1349 527 1395 inveherentur,
558 1351 755 1399 imperium
789 1360 899 1389 esset.
962 1353 1112 1389 Intacta
1141 1353 1285 1389 invidia
1315 1352 1440 1387 media
1470 1358 1578 1394 sunt3
1617 1351 1665 1386 ad

247 1430 397 1455 summa
439 1419 559 1456 ferme
599 1422 729 1460 tendit.
787 1423 870 1459 Nec
901 1423 947 1459 de
977 1423 1091 1459 Anici
1122 1435 1190 1459 nec
1226 1423 1272 1458 de
1303 1421 1441 1458 Octavi
1474 1421 1664 1468 triumpho

247 1488 459 1525 dubitatum
483 1497 557 1534 est;
587 1491 763 1537 Paulum,
785 1493 845 1528 cui
867 1493 937 1541 ipsi
956 1505 1109 1540 quoque
1125 1505 1165 1528 se
1187 1504 1399 1540 conparare
1416 1491 1665 1535 erubuissent,

247 1559 473 1596 obtrectatio
514 1562 668 1609 carpsit.
737 1546 926 1610 Antiqua.
952 1562 1152 1610 disciplina
1192 1562 1328 1598 milites
1373 1562 1580 1604 habuerat;
1619 1559 1666 1594 de

244 1630 376 1676 praeda
405 1630 578 1678 parcius,
611 1644 725 1679 quam
759 1641 1010 1681 speraverant
1040 1646 1087 1669 ex
1118 1633 1233 1669 tantis
1263 1633 1377 1681 regiis
1408 1631 1567 1679 opibus,
1599 1629 1663 1664 de-

246 1698 353 1734 derat
383 1699 475 1735 nihil
505 1701 704 1746 relicturis,
735 1703 765 1738 si
789 1703 962 1739 aviditati
989 1703 1260 1751 indulgeretur,
1293 1702 1395 1750 quod
1417 1702 1452 1737 in
1485 1699 1661 1736 aerarium

245 1767 422 1807 deferret.
484 1770 612 1807 Iratus
643 1772 917 1809 Macedonicus
949 1773 1136 1809 exereitus
1166 1772 1389 1820 imperatori
1413 1777 1507 1814 ειάἰς
1539 1771 1663 1818 itaque

244 1838 480 1886 negligenter
509 1848 589 1878 erat
631 1842 832 1879 adfuturus
877 1843 1038 1879 comitiis
1075 1842 1241 1879 ferendae
1284 1842 1391 1890 legis.
1468 1840 1546 1877 Sed
1595 1850 1662 1875 eos

242 1985 392 2027 XXXV,
420 1987 453 2025 1,
484 1991 496 2018 l
529 1987 617 2020 IVum
644 1989 787 2020 Romae?
850 1994 868 2020 2
896 1990 1043 2021 turbulis.
1091 1994 1110 2021 3
1138 1990 1292 2020 uenirent
1316 1987 1504 2029 principum
1531 1985 1661 2025 graeciae

243 2042 314 2084 1319.
352 2044 469 2086 (Gryn.
497 2047 667 2084 uenirent,
702 2047 973 2088 principumque)
1036 2047 1074 2086 2,
1105 2051 1117 2078 t
1156 2058 1236 2078 nam
1269 2047 1314 2077 hii
1344 2045 1506 2076 Beli-karus
1540 2043 1657 2084 (Gr-yn.

241 2121 318 2142 nssm
346 2113 394 2152 hi)
457 2113 490 2149 3,
523 2119 535 2145 l
567 2116 792 2155 regiadnaues
850 2121 868 2146 2
896 2104 1067 2147 remorum
1094 2127 1193 2157 supra
1218 2115 1333 2156 scripto
1361 2124 1378 2144 e
1401 2115 1405 2152 Ι
1429 2119 1580 2144 ornatam
1639 2114 1659 2141 4

243 2170 412 2201 sextilium
436 2171 440 2212 Ι
464 2173 504 2202 ab
532 2173 614 2202 urbe
665 2176 682 2202 5
700 2172 827 2205 effusae
854 2175 1107 2205 multitudinem
1156 2173 1188 2211 4,
1212 2178 1229 2204 2
1258 2173 1333 2203 trib.
1360 2172 1388 2202 is
1417 2170 1573 2201 omnibus
1601 2169 1658 2199 de-

243 2229 341 2258 cretis
368 2228 504 2260 Rectene
531 2229 662 2261 dicitur:
699 2231 784 2262 Tres
819 2233 850 2262 lii
879 2242 995 2263 omues
1018 2243 1078 2273 pro
1096 2243 1141 2269 eo,
1170 2229 1256 2272 quod
1281 2236 1340 2261 est:
1366 2237 1484 2259 omnes
1510 2227 1542 2257 hi
1569 2226 1659 2256 tres?

242 2299 261 2327 3
290 2306 320 2336 q.
350 2299 457 2328 cassio
483 2289 532 2339 131—
556 2310 632 2330 cum
659 2287 698 2331 tf.
726 2301 771 2341 pl.
817 2304 836 2331 4
863 2311 904 2331 cx
922 2302 1121 2331 auctoritate
1140 2307 1294 2341 pati-uum
1314 2304 1430 2337 ageret
1448 2297 1657 2336 rogationem

240 2352 365 2384 Duker.
393 2356 541 2395 (patrum
573 2356 691 2398 Gryn.)
751 2361 768 2388 5
797 2357 969 2389 adferrent
995 2364 1030 2389 ut
1055 2359 1082 2389 is
1109 2368 1174 2398 quo
1201 2358 1288 2387 diem
1349 2355 1381 2391 5,
1413 2359 1424 2385 l
1456 2355 1497 2385 ab
1528 2363 1659 2384 summa

238 2410 333 2442 firme
399 2416 418 2442 3
453 2414 588 2453 paulum
623 2425 699 2445 cum
734 2415 795 2455 ipsi
819 2417 824 2456 1
847 2425 1032 2456 conparare
1067 2416 1262 2446 debuissent
1294 2413 1495 2444 obtrectatio
1521 2411 1658 2451 scripsit

240 2467 273 2508 6,
301 2473 319 2499 2
346 2470 448 2500 tantis
474 2472 561 2510 regit
586 2473 675 2512 opib.
742 2472 780 2511 7,
818 2477 830 2503 l
868 2479 957 2505 totus
992 2474 1227 2504 macedonicus
1260 2471 1430 2502 exercitus
1462 2468 1656 2510 imperatori

239 2526 287 2557 ita
318 2528 527 2566 negligenter
552 2528 726 2561 adfuturus
754 2529 826 2572 Ally.
855 2530 976 2570 (Paulo
1002 2530 1094 2562 aliter
1117 2530 1190 2562 Em.
1223 2529 1302 2561 616.
1342 2528 1441 2570 Gryn.
1469 2527 1578 2558 Totus
1614 2544 1654 2549 —

239 2583 434 2625 imperatori
462 2592 534 2616 erat
558 2587 648 2626 negl.
675 2587 768 2619 affut.
797 2588 949 2619 Fortasse
964 2590 1095 2629 suerat:
1124 2588 1177 2620 Ob
1203 2588 1275 2618 haec
1300 2587 1423 2626 iratus)
