1796 2929
175 798 220 832 10

141 1070 190 1115 15

312 129 386 164 134
655 127 756 158 Liber
780 125 906 156 xffln.
957 126 1019 165 (A.
1047 136 1078 157 u.
1107 135 1134 157 ο.
1163 126 1260 165 585.)

251 247 340 295 quia
384 247 488 283 fama
529 251 634 289 erat,
680 247 818 284 multos
863 260 909 283 ex
947 248 1206 285 Macedonicis
1245 248 1458 297 legionibus
1507 248 1660 285 incertis

250 315 524 353 commeatibus
555 328 624 363 per
654 316 898 353 ambitionem
929 317 1202 366 imperatorum
1234 318 1282 354 ab
1313 318 1480 354 exercitu
1512 318 1660 361 abesse,

249 385 447 421 edixerunt
476 385 522 420 de
555 385 735 421 militibus
767 386 812 422 P.
844 386 977 429 AElio,
1027 385 1066 422 C.
1095 387 1236 435 Popilio
1274 386 1493 424 consulibus
1524 393 1660 435 postve

250 466 314 490 eos
345 453 520 490 consules
550 453 588 489 iu
619 455 888 491 Macedoniam
920 455 1090 504 scriptis,
1133 463 1192 502 ut,
1224 458 1287 505 qui
1319 470 1448 494 eorum
1478 457 1516 493 in
1547 457 1662 494 Italia

250 529 386 567 essent,
417 522 516 559 intra
546 524 626 560 dies
657 525 797 569 XXX,
831 525 932 561 censi
964 526 1069 573 prius
1101 532 1193 574 aput
1223 538 1326 571 sese,
1354 527 1392 563 in
1422 527 1659 575 provinciam

248 591 433 635 redirent3
486 593 550 640 qui
579 593 617 629 in
647 594 767 641 patris
802 600 867 629 aut
897 594 958 630 avi
989 600 1179 642 potestate
1223 602 1370 637 essent,
1416 608 1546 632 eorum
1591 607 1661 632 no·

250 661 354 697 mina
393 662 441 698 ad
483 674 522 698 se
553 662 767 699 ederentur.
825 663 1033 699 Missorum
1067 676 1220 712 quoque
1251 677 1387 701 causas
1417 677 1501 702 sese
1530 665 1661 713 cogni-

250 736 355 767 turos
388 743 470 767 esse
501 737 556 775 et,
602 744 763 779 quorum
806 738 894 768 ante
925 734 1083 769 emerita
1113 734 1302 782 stipendia
1329 735 1501 782 gratiosa
1530 734 1662 771 missio

249 800 321 837 sibi
352 801 436 837 visa
467 808 577 846 esset,
609 813 674 837 eos
707 802 843 838 milites
874 802 955 838 fieri
985 802 1168 840 iussuros.
1237 804 1324 840 Hoc
1356 805 1478 841 edicto
1507 804 1661 841 litteris·

250 882 322 917 que
352 882 552 907 censorum
584 883 653 919 per
681 870 768 907 fora
801 877 837 908 et
867 872 1121 910 conciliabula
1163 873 1347 917 dimissis,
1388 880 1495 910 tanta
1533 873 1661 910 multi-

249 940 340 975 tudo
372 940 560 976 iuniorum
594 941 758 978 Romam
791 941 986 986 convenit,
1017 949 1055 978 ut
1087 944 1217 992 gravis
1249 943 1334 979 urbi
1366 943 1479 979 turba
1508 942 1662 979 insolita

248 1015 358 1045 esset.

361 1079 507 1114 Praeter
550 1079 727 1115 dilectum
774 1092 926 1125 eorum,
978 1093 1074 1129 quos
1119 1082 1154 1117 in
1214 1082 1520 1130 supplementum
1564 1081 1661 1118 mitti

249 1149 471 1197 oportebat,
517 1155 698 1197 quattuor
738 1162 761 1185 a
808 1148 851 1186 C.
885 1150 1053 1199 Sulpicio
1103 1157 1265 1199 praetore
1301 1151 1452 1200 seriptae
1492 1151 1661 1200 legiones

248 1224 353 1254 sunt.
393 1217 567 1265 intraque
598 1219 771 1254 undecim
804 1219 883 1255 dies
915 1220 1073 1257 dilectus
1104 1228 1160 1256 est.
1191 1220 1394 1268 perfectus.
1475 1219 1662 1257 Consules

249 1287 383 1322 deiude
422 1287 543 1323 sortiti
585 1288 802 1335 provincias
833 1296 931 1326 sunt.
997 1290 1098 1326 Nam
1140 1298 1321 1338 praetores
1358 1296 1515 1338 propter
1550 1289 1660 1325 iuris-

250 1356 452 1392 dictionem
486 1357 671 1393 maturius
711 1357 834 1394 sortiti
865 1364 985 1393 erant.
1049 1358 1212 1395 Urbana
1246 1358 1287 1395 C.
1323 1359 1515 1407 Sulpicio,
1553 1370 1660 1406 pere-

250 1426 361 1474 grina
392 1426 434 1463 C.
456 1427 630 1463 Decimio
663 1428 873 1475 obtigerat3
904 1427 1133 1475 Hispaniam
1166 1428 1420 1467 M.Claudius
1441 1428 1662 1472 Marcellus,

251 1496 419 1532 Siciliam
452 1498 534 1533 Ser.
571 1495 771 1533 Cornelius
802 1497 1012 1541 Lentulus,
1045 1497 1261 1535 Sardiniam
1293 1498 1339 1534 P.
1372 1498 1554 1534 Fonteius
1586 1496 1661 1534 Ca—

251 1566 342 1613 pito.
375 1566 534 1602 classem
567 1565 610 1604 C.
629 1567 798 1603 Marcius
828 1567 988 1614 Figulus
1020 1574 1099 1603 erat
1132 1568 1300 1604 sortitus.
1363 1566 1571 1604 Consulum
1590 1566 1662 1605 Cn.

252 1634 414 1671 Servilio
466 1635 602 1679 Italia,
651 1636 695 1682 Q.
742 1636 890 1671 Marcio
938 1636 1167 1673 Macedonia
1212 1638 1386 1680 obvenit;
1439 1637 1663 1685 Latinisque

251 1705 368 1748 actis,
411 1705 579 1740 Marcius
611 1704 803 1752 extemplo
839 1712 894 1741 est>
925 1706 1131 1753 profectus.
1205 1706 1384 1755 Cmpione
1429 1705 1565 1742 deinde
1601 1718 1660 1742 re-

251 1773 392 1808 ferente
427 1774 474 1809 ad
506 1780 699 1817 senatum,
750 1787 845 1821 quas
888 1787 935 1811 ex
973 1776 1083 1811 novis
1122 1775 1336 1823 legionibus
1367 1775 1462 1811 duas
1492 1775 1661 1824 legiones

249 1854 376 1878 secum
409 1843 444 1878 in
478 1843 646 1880 Galliam
679 1844 854 1887 duceret,
886 1844 1088 1880 deerevere
1119 1853 1268 1892 patres,
1312 1851 1352 1880 ut
1383 1842 1424 1879 C.
1457 1844 1661 1892 Sulpicius,

252 1913 304 1947 M.
337 1911 519 1947 Claudius
559 1919 741 1961 praetores
787 1926 833 1948 ex
878 1913 942 1958 iis,
989 1926 1084 1962 quas
1128 1914 1390 1962 scripsissent,
1434 1914 1660 1962 legionibus,

252 1993 346 2029 quas
390 1981 604 2023 videretur,
649 1983 793 2019 consuli
839 1983 986 2020 darent.
1056 1984 1218 2032 Indigne
1263 1984 1410 2032 patiens
1455 1991 1661 2032 praetorum

251 2051 408 2087 arbitrio
440 2052 633 2088 consulem
665 2053 889 2096 subiectum,
920 2053 1076 2089 dimisso
1106 2062 1254 2097 senatu,
1288 2054 1336 2089 ad
1368 2053 1534 2090 tribunal
1564 2065 1661 2102 prae·

251 2128 373 2157 torum
423 2128 527 2157 stans
566 2122 794 2170 postulavit,
835 2134 882 2157 ex
913 2129 1066 2159 senatus
1106 2123 1278 2159 consulto
1326 2123 1558 2158 destinarent
1589 2123 1660 2159 sibi

251 2191 345 2226 duas
380 2190 560 2239 legiones.
629 2193 819 2228 Praetores
850 2192 1014 2228 consulis
1051 2193 1088 2228 in
1120 2192 1293 2240 eligendo
1326 2192 1522 2229 arbitrium
1557 2192 1662 2229 fece-

251 2339 270 2365 4
298 2335 454 2365 dixerunt
484 2334 489 2374 l
522 2345 552 2375 p.
581 2334 656 2365 aelio
685 2344 770 2365 coss.
828 2335 862 2374 8,
895 2338 904 2365 l
947 2340 982 2366 ut
1008 2336 1063 2375 qui
1094 2345 1208 2366 eorum
1237 2335 1291 2375 qui
1326 2335 1359 2365 in
1422 2338 1440 2365 2
1467 2345 1540 2366 xxx
1565 2345 1659 2367 cons.

250 2403 342 2444 prius
395 2407 413 2433 3
441 2403 575 2434 nomine
597 2403 638 2433 ad
665 2402 861 2433 sedet-entur
909 2403 939 2440 9,
960 2407 979 2434 3
996 2404 1069 2434 uisa
1096 2413 1166 2435 esse
1193 2409 1224 2434 et
1250 2413 1307 2434 eos
1329 2403 1334 2443 Ι
1358 2392 1531 2435 iussouros
1580 2403 1660 2442 XV,

252 2471 283 2509 1,
312 2475 324 2502 1
355 2471 479 2502 dilectu
530 2471 561 2504 3.
585 2475 603 2502 3
639 2460 714 2510 serg
739 2471 906 2503 cornelius
934 2471 1029 2503 Frob.
1070 2470 1118 2503 II.
1181 2476 1200 2502 4
1238 2481 1302 2511 que
1343 2472 1478 2503 seruilio
1511 2471 1606 2502 italia
1630 2481 1659 2503 c.

252 2529 376 2559 marcio
425 2528 457 2564 4,
478 2531 489 2559 1
510 2529 647 2568 cepione
689 2532 706 2559 2
724 2534 844 2559 senatu
882 2534 901 2559 4
919 2529 971 2560 his
1011 2530 1240 2560 §uiderentur
1287 2528 1319 2567 5,
1351 2532 1363 2559 1
1392 2529 1541 2570 patiente
1560 2528 1660 2561 Gron.

252 2589 270 2617 2
297 2585 493 2616 subdectum
522 2585 666 2616 demisso
693 2587 844 2617 senonad
902 2590 921 2616 4
950 2586 1271 2626 consulinelegando
1302 2584 1400 2617 Gron.
1429 2585 1552 2629 (Gryn.
1581 2595 1664 2618 cou-

250 2642 315 2674 suli
335 2643 368 2673 in
393 2642 568 2682 eligendo)
