1763 2902
350 134 398 168 24
711 131 813 161 Liber
838 129 929 161 xm.
982 131 1044 170 (A.
1073 142 1105 162 u.
1135 141 1162 163 0.
1194 130 1292 170 580.)

292 253 415 301 primo
447 253 495 287 ab
526 253 652 288 Roma
689 253 837 300 magnis
878 253 1008 302 pretiis
1046 260 1203 302 paratos
1245 253 1480 302 gladiatores
1510 263 1706 289 accersere

292 322 427 357 solitus
458 327 550 363 erat,
584 321 661 356 iam
691 333 760 358 suo
792 323 813 343 *
835 323 857 345 ³*

153 598 202 642 21
238 603 259 637 2
402 595 529 645 Scipio
568 598 666 634 inter
703 601 934 648 peregrinos.
981 601 1034 639 M.
1060 602 1181 638 Atilio
1212 600 1364 649 praetori
1395 598 1595 648 provincia
1611 596 1703 634 Sar-

45 667 244 744 Ᾰλόιὲιοῶδο
289 665 393 701 dinia
442 667 673 711 obvenerat3
736 669 803 704 sed
855 682 939 705 cum
993 670 1142 717 legione
1185 681 1306 712 nova,
1359 680 1474 715 quam
1526 666 1700 703 consules

82 736 89 743 .
151 716 247 744 1·.¹74

40 758 278 790 S›.Postumi0

23 759 195 881 (έῑῦᾖηθὲ
212 804 252 843 Q·
290 805 415 841 iussus
446 813 502 841 est
531 807 705 843 transire.
758 808 860 844 Dum
891 810 923 845 is
954 809 1004 845 ibi
1037 809 1176 845 bellum
1207 814 1369 855 gereret,
1403 806 1582 843 Cornelio
1613 819 1701 854 pro—

53 860 253 931 νὲιίῒιῖῖῖοξξ)

237 948 259 981 3
290 942 461 991 Caepioni
494 945 531 980 in
564 945 792 993 Hispaniam
835 949 1050 985 ulteriorem
1095 954 1132 983 et
1172 948 1217 983 P.
1252 946 1368 982 Furio
1402 946 1512 982 Philo
1543 945 1580 981 in
1612 945 1701 981 cite-

290 736 607 784 eonscripserant,
640 737 676 771 V
709 738 858 775 milibus
890 739 1072 787 peditum,
1103 738 1203 775 CCC
1225 738 1416 785 equitibus
1441 737 1479 773 in
1503 735 1702 773 Corsicam

288 882 463 922 rogatum
518 876 741 923 imperium,
792 879 844 914 uti
892 880 1081 927 optineret
1120 878 1350 915 Sardiniam.
1425 875 1496 913 Cn.
1539 875 1702 913 Servilio

287 1012 425 1048 riorem
458 1014 530 1049 tria
562 1015 665 1050 milia
696 1017 863 1063 peditum
896 1019 1182 1059 Romanorum,
1213 1015 1358 1063 equites
1389 1014 1456 1051 CL
1490 1021 1527 1051 et
1557 1015 1701 1052 socium

290 1083 416 1118 Latini
458 1084 621 1120 nominis
662 1085 698 1119 V
742 1085 844 1121 milia
886 1087 1074 1134 peditum,
1132 1084 1232 1122 CCC
1271 1085 1437 1132 equites,
1485 1084 1616 1122 Sicilia
1657 1085 1700 1121 L.

235 1156 258 1190 4
290 1151 453 1189 Claudio
492 1154 572 1189 sine
611 1155 876 1203 supplemento
918 1157 1081 1192 decreta.
1156 1156 1265 1191 Duas
1310 1161 1494 1202 praeterea
1532 1155 1702 1202 legiones

289 1222 464 1258 consules
489 1223 655 1259 scribere
688 1224 779 1260 iussi
811 1238 895 1261 cum
931 1226 1030 1261 iusto
1059 1238 1216 1261 numero
1242 1225 1409 1272 peditum
1444 1224 1702 1272 equitumque,

238 1295 258 1328 5
292 1299 328 1327 et
360 1292 399 1327 X
432 1292 536 1327 milia
567 1294 734 1340 peditum
767 1295 880 1330 sociis
911 1295 1101 1342 imperare
1135 1301 1171 1330 et
1201 1294 1273 1331 DC
1307 1294 1465 1342 equites.
1529 1294 1702 1330 Dilectus

289 1361 508 1397 consulibus
540 1374 584 1398 eo
616 1363 807 1399 difficilior
830 1372 922 1407 erat,
955 1365 1055 1412 quod
1080 1364 1307 1412 pestilentia,
1338 1376 1422 1411 quae
1442 1363 1569 1411 priore
1600 1375 1701 1399 anno

287 1431 325 1466 in
358 1432 475 1467 boves
506 1432 714 1479 ingruerat,
746 1446 790 1469 eo
823 1440 991 1469 verterat
1019 1434 1055 1469 in
1087 1434 1283 1469 hominum
1315 1433 1482 1470 morbos.
1540 1432 1614 1479 Qui
1646 1432 1701 1468 in-

290 1500 474 1545 ciderant,
505 1503 607 1538 haud
638 1502 750 1539 facile
780 1504 982 1551 septimum
1015 1504 1113 1539 diem
1155 1504 1409 1551 superabant3
1451 1503 1514 1550 qui
1545 1514 1702 1551 supera-

289 1579 446 1616 verant,
489 1572 721 1620 longinquo,
766 1574 932 1609 maxime
978 1582 1194 1621 quartanae,
1235 1573 1517 1620 inplicabantur
1557 1573 1703 1609 morbo.

238 1642 260 1676 6
293 1641 459 1678 Servitia
490 1642 656 1678 maxime
687 1643 964 1685 moriebantur3
1005 1655 1135 1678 eorum
1176 1649 1325 1690 strages
1356 1655 1425 1690 per
1454 1654 1586 1678 omnes
1620 1643 1702 1678 vias

288 1711 565 1759 insepultorum
605 1718 698 1748 erat.
764 1712 824 1748 Ne
862 1712 1067 1748 liberorum
1109 1712 1260 1760 quidem
1302 1711 1497 1748 funeribus
1536 1712 1703 1749 Libitina

239 1781 258 1814 7
291 1780 516 1818 sufficiebat.
577 1779 800 1826 cadavera,
830 1782 974 1817 intacta
1003 1794 1027 1818 a
1055 1782 1213 1818 canibus
1244 1795 1288 1818 ac
1319 1782 1552 1826 volturibus,
1594 1783 1703 1819 tabes

287 1905 462 1942 XX1‚1,1
497 1905 718 1942 Quaterm'onis
750 1904 963 1945 sexti-folium
995 1906 1146 1946 primum,
1182 1916 1261 1935 nunc
1294 1904 1504 1942 undecimum,
1541 1906 1648 1946 incipit
1681 1917 1703 1937 a

289 1963 390 1993 verbis
415 1963 471 2003 pio
497 1964 583 1993 inter
608 1963 815 2002 peregrinos.
866 1963 982 2002 rlgji'tur
1008 1961 1046 1993 de
1072 1963 1304 2003 maqzlstrncibus
1330 1973 1360 1993 a.
1391 1962 1457 1993 174
1482 1974 1514 1993 a.
1546 1962 1618 1993 Chr.
1669 1962 1701 2001 2,

289 2023 308 2050 3
336 2020 401 2049 Ant
425 2019 542 2050 eccidit
565 2026 628 2050 tota
655 2021 809 2049 sociorum
835 2019 934 2050 Atilio
962 2019 1106 2050 dacorum
1143 2020 1252 2050 mentio
1279 2025 1334 2050 aut
1356 2019 1460 2060 potius
1485 2018 1533 2049 ad
1556 2030 1607 2049 eos
1630 2031 1701 2060 per*

290 2077 384 2107 tinent
409 2077 442 2107 hi
466 2078 586 2108 numeri
614 2077 843 2117 scripseratque
869 2076 1000 2107 Livius:
1035 2077 1324 2117 conscripserant,
1362 2083 1394 2107 et
1427 2077 1555 2108 socium
1590 2077 1702 2107 Latini

290 2134 435 2164 nominis
461 2134 493 2163 V
520 2135 589 2165 mil.
618 2140 672 2165 cer.
743 2134 775 2169 3,
803 2137 821 2163 2
850 2134 979 2174 cepioni
1012 2135 1016 2172 Ι
1046 2134 1174 2174 philoni
1201 2134 1353 2164 citeriore
1416 2137 1434 2164 3
1470 2134 1619 2173 peditum
1646 2143 1700 2164 ro-

289 2211 464 2232 manorum
491 2203 641 2242 peditum
669 2203 798 2241 equites
867 2206 886 2231 4
914 2202 1001 2232 lucio
1027 2202 1136 2232 eladio
1162 2203 1257 2233 suine
1320 2201 1353 2238 4,
1382 2206 1399 2231 2
1431 2211 1504 2232 eum
1530 2207 1702 2242 suspectum

288 2268 439 2302 Dukero,
476 2270 558 2301 allis.
591 2272 595 2308 Ι,
624 2280 763 2301 numero
797 2280 814 2300 e
848 2271 996 2312 peditum
1059 2269 1090 2307 5,
1118 2274 1136 2301 3
1164 2269 1360 2309 ingrueret!
1383 2275 1528 2300 uerteret
1554 2270 1663 2311 δι’-(1οη.
1695 2267 1699 2311 Ι

288 2326 413 2357 honum
454 2328 622 2367 morbosq.
660 2329 849 2358 inciderant
899 2331 916 2357 5
958 2327 1039 2367 inpli
1055 2351 1062 2357 .
1080 2351 1086 2357 .
1104 2327 1226 2357 bantur
1243 2326 1279 2357 ln
1293 2325 1411 2357 codicis
1422 2326 1510 2368 solio
1527 2326 1701 2365 undecimo,

288 2384 376 2414 cuius
408 2395 486 2423 pars
516 2383 652 2414 adversa
689 2384 800 2415 desinit
840 2383 867 2422 7,
896 2384 919 2415 2
953 2384 983 2414 in
1010 2384 1238 2423 absufmcbat,
1265 2395 1380 2414 aversa
1406 2383 1460 2421 12,
1486 2384 1510 2415 3
1536 2385 1566 2415 ίπ
1592 2394 1701 2425 super,

289 2440 349 2470 imo
372 2446 464 2480 parte
490 2440 600 2480 aliqua
627 2441 743 2472 charta:
775 2453 884 2480 exesa,
923 2440 1033 2472 desunt
1066 2441 1096 2471 ἰιι
1127 2441 1223 2471 tribus
1256 2441 1392 2471 versibus
1424 2442 1501 2480 (non
1533 2441 1702 2482 continuis)

287 2495 397 2528 lt'tterae
423 2497 501 2527 In'nae
522 2503 578 2527 aut
594 2503 697 2534 terme,
720 2499 749 2528 ιἰι
768 2498 908 2529 adversa
922 2504 1014 2539 parte
1031 2504 1184 2533 extremm,
1212 2498 1242 2528 in
1259 2509 1374 2528 aversa
1388 2497 1509 2538 prc'moe.
1548 2498 1700 2536 Litteras,

287 2576 356 2606 quoe
379 2564 497 2601 desunt,
522 2565 645 2605 punctis
671 2567 787 2597 notavi.
811 2567 817 2608 Ι
839 2567 976 2598 morbos
1025 2565 1059 2607 6,
1078 2569 1092 2597 1
1115 2567 1222 2598 omnis
1258 2570 1277 2596 2
1297 2550 1572 2606 neelquiliuedem
1622 2565 1654 2603 7,
1685 2569 1698 2597 l

286 2624 414 2654 cadaue
430 2646 437 2653 .
457 2646 464 2653 .
489 2624 493 2662 ἱ
516 2622 710 2653 uolneribus
