1742 2902
828 145 903 171 *nv

155 264 272 301 Addo
311 265 425 300 etiam
471 264 506 298 iu
539 263 622 298 cod.
657 263 855 299 Puteaneo
886 263 1036 305 XXII,
1083 266 1151 307 Η,
1195 265 1215 298 2
1261 275 1331 311 pro
1362 265 1570 310 quieverant

156 318 269 355 scribi
305 318 453 365 quidam
474 319 637 364 J'uerant.
698 317 889 361 (Alterius
919 317 1038 361 verbi,
1069 330 1213 366 nequeo,
1247 331 1270 354 a
1299 317 1455 354 librario
1486 330 1569 356 cor·

156 373 257 420 rupti
291 371 507 419 exemplum
538 371 690 407 Vahlen
721 372 877 420 egregia
908 373 1174 409 emendatione
1206 372 1385 420 patefecit
1417 372 1455 408 in
1484 373 1567 410 libr.

156 427 288 469 XLII,
321 428 384 470 63,
417 423 509 472 4.)¹)

266 480 361 529 Cap.
395 484 459 524 37,
491 484 526 517 6.
587 480 683 518 Sero
717 493 739 517 a
771 480 934 530 Siesbyo
965 482 1182 518 admonitus
1213 494 1310 524 sum,
1340 482 1377 518 iu
1407 482 1484 518 his:
1515 485 1574 519 cui

154 536 306 571 rescribi
333 548 401 571 non
427 537 580 583 placuit,
611 538 733 571 nuntio
755 538 880 583 ipsius,
911 538 975 584 qui
1005 538 1144 572 litteras
1165 538 1352 578 attulerat,
1381 537 1454 573 diei
1482 543 1568 573 cett.

154 602 272 638 prave
296 592 410 640 ipsius
435 603 505 638 pro
533 593 608 627 eius
625 591 714 638 poni
733 591 965 638 omninoque
998 592 1207 639 genitivum
1239 591 1448 632 abundare,
1479 604 1568 628 con-

154 652 214 680 tra
235 654 378 681 rectam
401 645 613 681 orationem
637 644 748 685 effici,
778 645 809 681 si
832 646 1042 682 scribatur:
1073 648 1196 682 mmtz'o
1226 648 1308 694 ipsi,
1338 648 1402 693 qm·
1430 647 1570 683 litteras

153 701 339 743 attulerat,
369 700 442 736 clici
469 707 538 737 eet.

264 754 359 803 Cap.
395 757 459 799 43,
481 756 517 791 2.
567 754 669 801 Quid
699 755 747 790 sit
777 756 812 790 in
838 757 998 801 qratiam
1022 758 1177 803 petentis
1209 752 1396 804 (alicuius)
1426 755 1569 803 aliquid

153 809 361 845 concedere
392 816 457 845 aut
478 810 632 845 omnino
654 809 792 854 facere,
825 810 918 845 satis
940 817 1111 854 constat;
1142 811 1370 847 adiectivum
1406 810 1569 858 augendi

154 863 397 901 minuendive
428 876 546 900 causa
573 866 704 911 9111&oe
734 865 879 901 nomini
923 865 1092 901 additum
1125 865 1162 900 in
1194 867 1266 902 hoc
1296 865 1475 912 loquendi
1505 877 1569 913 ge-

152 931 242 955 nere
274 931 462 966 nusquam
509 920 659 956 memini
710 919 818 965 (locis
861 920 962 968 apud
995 920 1230 956 Schellerum
1269 928 1305 956 et
1335 919 1568 956 Freundium

152 973 277 1011 citatis
310 974 398 1010 addi
430 981 556 1022 potest
588 974 672 1011 Liv.
696 975 784 1016 XL,
810 978 867 1014 17,
892 976 927 1016 2,
959 974 1092 1011 Senec.
1125 976 1235 1011 Rhet.
1276 988 1311 1023 p.
1346 976 1422 1010 276
1455 974 1569 1022 Bip.),

151 1040 276 1075 neque
308 1029 430 1076 magis
461 1029 498 1065 in
530 1029 717 1066 consimili
746 1028 926 1072 formula,
957 1042 1034 1077 qua
1064 1032 1100 1065 in
1130 1030 1295 1066 honorem
1319 1030 1472 1065 alicuius
1501 1029 1569 1065 ali-

152 1084 241 1131 quid
267 1083 361 1138 fieri
397 1084 534 1120 dicitur
577 1083 735 1132 (opusc.
777 1084 901 1120 Acad.
942 1085 982 1128 I,
1027 1086 1129 1131 168).
1198 1086 1336 1132 ltaque
1375 1096 1490 1131 quum
1530 1084 1567 1120 in

151 1138 284 1174 codice
328 1138 377 1174 sit
420 1145 452 1174 et
496 1141 568 1174 iam
611 1151 779 1185 „laynam
816 1141 995 1185 qratiam,
1041 1140 1257 1188 suspicatus
1294 1152 1377 1175 sum
1417 1137 1567 1175 Livium

150 1193 347 1241 scripsisse
384 1200 418 1229 et
451 1200 632 1242 tamquam
675 1194 711 1229 in
748 1196 907 1240 qratiam
943 1196 1107 1241 petentis.
1180 1195 1283 1231 Nam
1320 1195 1418 1230 fictae
1453 1193 1567 1230 etiam

150 1248 551 1297 speciei-significatio
583 1255 746 1297 perapta
775 1256 812 1284 et
842 1261 962 1297 prope
991 1249 1211 1286 necessaria
1239 1256 1306 1285 est.
1357 1250 1417 1295 (ln
1447 1260 1569 1285 anno-

149 1303 296 1339 tatione
326 1304 467 1340 excidit
495 1300 602 1350 in.)‘³)

262 1357 356 1405 Cap.
391 1361 454 1400 51,
479 1361 500 1395 6
536 1371 651 1406 quum
686 1358 740 1394 sic
771 1358 965 1394 ederetur:
990 1360 1164 1406 prcesecto
1195 1358 1462 1406 Asclepiodoto.
1508 1358 1567 1394 Ab

150 1412 334 1449 IIeraclea
372 1425 417 1450 ea:
455 1413 568 1449 Sintis
609 1415 680 1449 tria
722 1414 822 1449 milia
857 1412 1038 1449 Zl’hracum
1081 1418 1173 1457 cet.,
1222 1414 1260 1449 in
1291 1413 1568 1461 Asclepiodoto

151 1468 283 1504 deerat
303 1469 437 1516 patriae
455 1468 694 1517 significatio,
727 1480 811 1515 quae
842 1468 879 1503 in
910 1468 1044 1504 ceteris
1075 1468 1263 1516 praefectis
1293 1468 1470 1504 omnibus
1501 1468 1568 1504 ad-

151 1523 273 1567 ditur,
315 1524 488 1560 Thraces
533 1531 659 1560 autem
700 1523 906 1559 auxiliares
948 1535 1080 1559 omnes
1118 1524 1221 1570 (nam
1264 1522 1356 1558 nulli
1396 1523 1568 1559 Thraces

152 1577 258 1614 liberi
290 1586 427 1626 praeter
456 1579 526 1614 hos
557 1578 815 1618 nominantur,
850 1579 915 1614 sed
938 1584 1083 1614 tantum
1107 1579 1279 1614 Thraces
1301 1577 1434 1613 incolae
1456 1578 1568 1614 Paeo-

150 1632 261 1669 nibus
292 1641 329 1669 et
349 1634 588 1681 Agrianibus
617 1633 854 1681 interspersi)
885 1633 1110 1669 dicebantur
1140 1645 1215 1669 non
1246 1633 1368 1669 solum
1404 1644 1452 1668 ex
1481 1632 1569 1669 Sin-

151 1688 198 1723 tis
228 1688 359 1730 fuisse,
390 1701 551 1736 quorum
594 1688 699 1736 regio
735 1688 785 1723 ad
817 1688 1049 1724 occidentem
1083 1687 1298 1736 Strymonis
1337 1694 1373 1723 et
1403 1687 1567 1735 Amphi-

149 1743 248 1791 polis
281 1744 407 1791 posita
437 1744 518 1780 sine
548 1743 665 1779 dubio
696 1749 774 1779 tum
815 1751 897 1779 tota
937 1744 974 1779 in
1006 1743 1264 1779 Macedonum
1295 1742 1444 1778 dicione
1473 1748 1566 1786 erat,

149 1798 216 1833 sed
247 1811 294 1833 ex
324 1811 399 1834 una
437 1799 531 1834 urbe
561 1798 702 1835 Graeca
746 1797 798 1834 ibi
836 1798 1002 1834 condita.
1068 1800 1246 1846 Apparet
1285 1798 1333 1834 ad
1365 1796 1566 1845 Asclepio-

150 1852 282 1889 dotum
312 1853 393 1890 haec
422 1853 631 1901 pertinere:
661 1853 707 1889 ab
738 1853 919 1889 Heraclea
952 1865 994 1888 ea·
1025 1852 1148 1889 Sintis.
1207 1853 1259 1889 Et
1290 1851 1568 1900 Asclepiodotus

179 2055 210 2089 ¹)
244 2053 326 2094 Cap.
356 2058 416 2090 30,
449 2059 459 2085 1
499 2055 718 2085 licentissime
753 2067 828 2095 fyens
865 2055 1087 2094 wraecetlciitc
1114 2053 1185 2094 que)
1220 2055 1250 2084 in
1284 2052 1381 2093 plebis
1407 2058 1565 2090 mutatur,

242 2100 377 2131 sublata
415 2101 660 2141 significatione
687 2100 845 2141 pauperis
871 2106 903 2130 ct
927 2100 1050 2130 infimae
1078 2101 1202 2133 tui-bue,
1229 2109 1302 2139 quae
1330 2105 1379 2130 cst
1404 2100 1436 2129 iu
1461 2109 1565 2139 eqens.

243 2145 355 2176 Etiam
392 2147 425 2177 in
461 2148 690 2187 proximorum
727 2147 904 2177 verborum
941 2146 1105 2186 scriptura
1133 2146 1314 2176 Hertziana
1338 2146 1473 2175 verbum
1499 2151 1568 2175 crat

242 2201 308 2222 non
335 2199 427 2223 recto
453 2194 530 2224 loco
556 2194 702 2233 ponitur.
764 2192 848 2233 Cup.
879 2196 941 2227 34,
969 2195 987 2222 9
1026 2202 1125 2232 quium
1160 2193 1192 2222 in
1227 2192 1444 2222 annotatione
1469 2191 1565 2231 posui

243 2239 482 2272 coniecturam,
510 2248 550 2269 ea
577 2249 676 2278 quam
703 2239 827 2269 habeat
854 2248 1003 2275 causam,
1031 2239 1236 2268 declaratum
1263 2245 1316 2269 cst
1339 2238 1371 2267 in
1399 2237 1564 2268 Emendd.

242 2295 274 2324 p.
304 2287 368 2314 529
397 2295 442 2321 n.,
470 2286 667 2325 videturque
694 2285 774 2315 mihi
804 2285 997 2315 emendatio
1024 2285 1097 2324 ipsa
1122 2294 1280 2324 pei-quam
1307 2283 1504 2324 probabilis.

172 2349 204 2386 ²)
242 2351 323 2392 Cap.
347 2355 400 2389 47,
427 2356 460 2383 11
492 2362 561 2383 non
583 2359 674 2383 teoto
697 2364 756 2394 pro
779 2351 966 2384 accensa'cre
992 2353 1207 2392 Kreyssigius
1225 2358 1257 2383 ct
1284 2352 1436 2382 Hertzius
1462 2351 1565 2392 scrip-

241 2404 354 2429 serunt
381 2410 549 2429 accersere.
603 2399 721 2438 Neque
755 2400 843 2430 cuim
884 2400 927 2430 A.
955 2400 1084 2431 Atilius
1119 2399 1189 2439 ipse
1223 2407 1370 2438 praescus
1404 2403 1463 2427 aut
1489 2406 1565 2436 pro-

241 2445 388 2485 pinquus
415 2445 600 2475 Thessaliae
641 2445 763 2476 milites
801 2446 940 2476 aliunde
974 2454 1146 2476 accersere
1173 2444 1337 2480 debebat,
1372 2444 1428 2474 sed
1455 2443 1565 2474 Roma

241 2491 454 2530 proficiscens
473 2495 491 2520 a
506 2491 646 2523 Sicinio,
668 2492 722 2530 qui
750 2492 921 2523 Brundisii
948 2499 1030 2528 crat,
1061 2492 1093 2521 in
1120 2491 1261 2521 transitu
1284 2491 1448 2530 accipere.
1481 2489 1563 2529 Cap.

239 2539 293 2571 49,
321 2540 338 2566 5
367 2546 466 2576 prnvc
500 2537 572 2567 lime
599 2538 910 2574 coniungobanmr:
945 2537 1096 2573 adt-ersa,
1123 2535 1272 2572 secunda,
1299 2546 1449 2577 quaeque;
1475 2541 1564 2565 recte

239 2583 383 2624 primum
412 2583 564 2613 universe
593 2583 866 2623 coniunguntur:
893 2582 1033 2614 adversa
1057 2581 1266 2622 secundaque,
1293 2588 1362 2612 tum
1391 2580 1566 2613 subiicitur

239 2638 279 2659 ΘΧ
304 2638 416 2669 inquo:
443 2640 513 2670 quse
541 2646 582 2652 -·
610 2640 692 2669 quai.
