1742 2902
457 150 560 180 Liber
584 150 693 181 XLII.
745 152 806 189 (A.
836 150 914 181 Chr.
948 151 1040 190 172.)
1365 155 1411 188 67

761 233 780 249 S

57 274 218 316 vinaria,
249 273 279 308 si
310 284 370 307 res
396 272 604 319 publicaX
624 284 745 308 annos
771 273 808 307 in
839 273 970 309 eodem
1004 279 1103 309 statu
1136 273 1279 308 suisset.
1328 273 1400 316 Ita,
1431 280 1470 308 ut
1503 275 1525 309 9

58 347 297 385 censuerant,
327 341 364 376 in
382 339 575 388 Capitolio
606 341 713 376 vovit
742 342 887 385 consul,
918 342 1028 378 ludos
1058 343 1137 378 ficri
1168 343 1345 389 donaque
1376 342 1471 385 dari,

58 417 202 459 quanta
232 422 278 446 ex
310 410 472 457 pecunia
501 411 692 446 decresset
721 417 889 454 senatus,
920 423 1002 446 cum
1037 418 1185 447 centum
1217 418 1254 447 et
1284 412 1471 459 quinqua-

56 481 161 528 ginta
177 491 252 515 non
269 479 393 515 minus
411 479 599 515 adessent.
647 480 849 515 Praeeunte
866 481 985 516 verba
1004 481 1150 528 Lepido
1168 481 1346 529 pontifice
1363 494 1471 516 max-

54 561 143 585 umo
184 548 222 584 id
259 554 389 584 votum
432 555 648 596 susceptum
689 556 745 584 est
829 549 888 585 Eo
935 561 1034 584 anno
1072 550 1292 586 sacerdotes
1330 550 1471 597 publici
1508 552 1552 585 10

54 617 194 654 mortui
222 617 267 655 L.
295 617 478 653 AEmilius
509 619 642 665 Papus
681 618 873 653 decemvir
913 631 1108 654 sacrorum
1153 626 1189 654 ct
1231 619 1278 665 Q.
1310 620 1470 655 Fulvius

54 687 216 724 Flaccus
243 686 440 734 pontifex,
483 688 547 734 qui
586 688 714 735 priore
755 700 855 723 anno
886 688 1012 723 fuerat
1043 700 1190 724 censor.
1260 689 1337 724 Hic
1368 689 1471 724 socda
1507 692 1548 724 ll

54 763 175 792 morte
209 756 333 804 periit.
399 757 459 792 Ex
494 756 644 792 duobus
674 756 759 792 filiis
791 757 882 801 eius,
915 757 978 804 qui
1009 763 1087 792 tum
1119 757 1156 792 in
1187 757 1341 805 Illyrico
1373 758 1470 793 mili-

53 826 198 870 tabant,
228 826 454 867 nuntiatum,
489 826 642 861 alteram
673 826 888 870 decessisse,
921 827 1079 861 alterum
1110 827 1220 874 gravi
1252 833 1288 862 et
1317 827 1469 874 pericu-

51 895 134 931 loso
167 895 303 931 morbo
334 907 476 943 aegrum
510 906 604 930 esse.
659 893 798 931 Obruit
829 895 997 931 animum
1028 895 1140 931 simul
1173 895 1296 932 luctus
1328 903 1467 931 metus·
1505 899 1549 932 12

52 976 146 1012 que3
186 976 299 1000 mane
339 964 502 1011 ingressi
544 964 758 1000 cubiculum
801 964 901 999 servi
932 964 1072 1011 laqueo
1102 964 1378 1012 dependentem
1411 965 1469 1000 in-

51 1045 200 1070 venere.
267 1033 364 1069 Erat
394 1033 546 1081 opinio,
586 1040 676 1081 post
713 1045 913 1069 censuram
945 1033 1069 1068 minus
1109 1040 1311 1081 conpotem
1352 1033 1468 1069 fuisse

50 1103 126 1147 sui3
169 1102 285 1150 vulgo
316 1103 476 1138 Iunonis
508 1102 675 1138 Laciniae
715 1103 811 1138 iram
845 1104 894 1139 ob
925 1103 1132 1150 spoliatum
1164 1103 1344 1151 templum
1378 1104 1468 1138 alie-

49 1183 161 1208 nasse
198 1177 361 1207 ment-em
392 1171 580 1208 ferebant.
647 1170 839 1209 Suffectus
882 1173 919 1207 in
950 1172 1088 1209 AEmili
1119 1172 1243 1208 locum
1277 1173 1468 1208 decemvir
1503 1176 1548 1209 ¹3

48 1241 103 1279 Μ.
134 1241 315 1277 Valerius
343 1241 550 1281 Messalla;
588 1241 625 1277 in
656 1241 770 1277 Fulvi
810 1241 985 1289 pontifex
1026 1240 1095 1278 Cn.
1137 1242 1331 1277 Domitius
1363 1243 1467 1279 Ahe-

49 1311 257 1354 nobarbus,
291 1310 433 1358 oppido
465 1311 689 1346 adulescens
720 1311 914 1355 sacerdos,
947 1317 1003 1346 est
1032 1311 1165 1347 lectus.

157 1380 204 1416 P.
215 1379 376 1424 Licinio,
393 1378 437 1416 C.
456 1379 591 1416 Cassio
623 1380 842 1416 consulibus
872 1393 947 1416 non
979 1381 1070 1416 urbs
1091 1386 1237 1416 tantum
1254 1381 1381 1417 Roma
1397 1393 1466 1417 nec
1525 1378 1577 1421 29

1490 1436 1577 1467 A.u.
1591 1438 1707 1465 c.583.

45 1456 148 1485 terra
176 1449 312 1492 Italia,
362 1449 428 1484 sed
473 1462 605 1485 omnes
644 1462 754 1497 reges
795 1449 1067 1497 civitatesque,
1113 1463 1196 1497 quae
1233 1450 1270 1485 in
1303 1450 1463 1498 Europa
1485 1483 1517 1512 A
1541 1481 1609 1512 Chr
1635 1483 1708 1510 ΠΙ.

47 1530 207 1566 quaeque
237 1518 274 1553 in
304 1518 404 1554 Asia
435 1525 562 1564 erant,
612 1525 881 1555 converterant
922 1519 1070 1554 animos
1100 1519 1139 1554 in
1170 1531 1301 1554 curam
1332 1520 1463 1555 Mace-

48 1587 173 1624 donici
205 1600 249 1624 ac
278 1587 444 1623 Romani
474 1588 576 1624 belli.
661 1588 860 1624 Eumenen
904 1600 987 1624 cum
1028 1593 1137 1624 vetus
1177 1588 1305 1624 odium
1337 1589 1469 1625 stimu-
1500 1590 1520 1624 2

48 1657 177 1702 labat,
223 1663 302 1693 tum
332 1669 465 1693 reeens
495 1657 574 1702 ira,
608 1657 711 1705 quod
741 1658 884 1693 scelere
914 1658 1047 1694 Persei
1077 1670 1199 1706 prope
1229 1665 1269 1693 ut
1299 1659 1468 1694 victuma

47 1732 236 1762 mactatus
255 1726 418 1774 Delphis
449 1733 557 1763 esset.
622 1727 796 1772 Prusias,
827 1727 1019 1775 Bithyniae
1048 1739 1129 1772 rex,
1160 1733 1349 1763 statuerat
1379 1729 1466 1764 abs·
1500 1729 1520 1763 3

47 1796 165 1832 tinere
195 1796 311 1831 armis
342 1801 379 1831 et
422 1796 572 1843 quietus
615 1802 791 1832 eventum
825 1803 1049 1844 expectare3
1098 1809 1187 1832 nam
1230 1809 1355 1845 neque
1385 1798 1467 1833 Ro-

48 1877 182 1901 manos
215 1876 331 1913 posse
360 1877 511 1912 aequom
530 1876 697 1910 censere,
729 1866 914 1902 adversus
944 1865 1104 1901 fratrem
1126 1866 1258 1902 uxoris
1293 1879 1330 1902 se
1360 1879 1468 1902 arma

48 1932 166 1979 ferre,
214 1940 252 1970 et
281 1939 375 1981 aput
404 1935 551 1970 Persea
587 1935 772 1970 victorem
803 1935 954 1971 veniam
985 1947 1055 1982 per
1083 1947 1255 1970 sororem
1286 1935 1467 1983 impetra-

47 2003 159 2039 bilem
188 2003 283 2040 fore.
349 2003 602 2048 Ariarathes,
634 2001 909 2052 Cappadocum
940 2016 1031 2048 rex,
1072 2010 1328 2051 praeterquam
1364 2006 1468 2052 quod
1499 2007 1521 2040 4

0 2207 1 2269 l
51 2219 166 2249 Seode
203 2218 235 2256 9,
260 2222 279 2249 2
305 2219 491 2258 donarique
517 2218 588 2248 dari
600 2216 673 2258 My.
686 2216 706 2246 l.
721 2227 746 2246 c.
764 2215 882 2257 (Gryn.
910 2217 1117 2256 donariaque
1142 2218 1228 2257 dari)
1270 2222 1464 2259 4praeunde

51 2274 137 2312 ll‚2
163 2276 249 2316 perit
270 2275 275 2316 Ι
295 2275 331 2305 in
357 2275 462 2315 lyrico
495 2278 514 2305 3
541 2275 732 2304 nuntiatum
760 2273 902 2303 alterum
929 2275 1025 2312 graui
1062 2279 1081 2304 4
1107 2282 1215 2306 morte
1239 2286 1365 2316 aegrum
1409 2278 1464 2315 12,

53 2346 70 2373 2
97 2329 358 2383 depenideutem
407 2347 427 2374 3
463 2348 641 2384 conpetem
707 2341 766 2380 13,
806 2345 818 2372 1
856 2342 1096 2372 inaemiliocum
1127 2344 1202 2374 xuir
1251 2348 1270 2375 3
1306 2347 1429 2386 oppida

0 2429 3 2470 Ι
57 2409 154 2452 Gryn.
181 2422 239 2443 om.
267 2418 316 2443 cst
371 2411 508 2449 XXIX,
546 2411 578 2448 1,
615 2414 627 2440 1
661 2421 693 2451 p.
722 2410 856 2440 licinius
891 2419 918 2440 c.
947 2411 1074 2441 cassius
1112 2400 1203 2442 cons.
1267 2412 1306 2450 2,
1343 2418 1360 2443 2
1389 2424 1462 2444 cum

53 2476 165 2499 recens
187 2470 192 2508 Ι
215 2478 280 2510 quo
297 2467 302 2508 Ι
320 2468 443 2499 scelere
469 2468 539 2498 eius
553 2467 675 2504 Drak.²
691 2466 764 2507 My.
782 2466 854 2497 Em.
870 2467 941 2497 524
955 2478 985 2499 n.
1003 2468 1007 2509 Ι
1024 2468 1343 2500 uictummactatum
1383 2471 1415 2507 3,
1446 2475 1458 2501 l

52 2523 186 2564 bytiniae
237 2530 254 2555 2
283 2526 384 2556 armis
411 2525 560 2564 equitum
587 2529 743 2554 euentum
757 2522 831 2564 My.
851 2522 969 2565 (Gryn.
997 2526 1099 2556 armis
1125 2527 1368 2566 eventumque)
1384 2528 1387 2553 l
1405 2538 1466 2558 ex-

52 2586 200 2620 pectaret
272 2585 291 2613 3
317 2582 435 2612 uxoris
463 2591 557 2612 arma
592 2580 704 2612 Weiss.
733 2579 856 2621 (Gryn.
890 2590 966 2611 nam
1002 2591 1111 2623 neque
1145 2593 1204 2623 pro
1234 2583 1397 2614 Romanis
1429 2593 1463 2614 se

54 2645 184 2677 equum
221 2648 359 2669 censere
385 2656 426 2661 —
455 2638 572 2668 uxoris
599 2647 693 2668 arma
718 2636 820 2676 ferre)
870 2636 903 2676 4,
934 2642 946 2668 l
981 2637 1079 2680 Gryn.
1112 2639 1284 2670 Ariarates

0 2630 5 2683 ³

1 2693 5 2739 ι
1161 2697 1198 2728 ⁵*

2 2748 5 2811 Ξ

2 2813 7 2902 3
