1742 2902
196 505 244 540 10

168 777 219 824 13

332 109 379 142 50
694 105 796 137 Liber
821 104 931 136 XLII.
985 105 1045 144 (A.
1066 115 1097 136 n.
1118 115 1145 136 ο.
1169 106 1265 146 582.)

274 233 352 264 tum
379 238 617 276 praeparare,
665 232 706 262 ut
746 225 936 263 abstinere
968 232 1003 262 et
1033 238 1102 262 suo
1131 232 1168 263 et
1199 227 1364 264 hostium
1396 240 1489 276 agro
1520 227 1688 266 frumen-

277 296 382 332 tandi
412 307 530 331 causa
563 295 696 343 possit.
756 295 840 331 Iam
873 297 1072 344 pecuniam
1105 303 1250 332 tantam
1284 297 1447 342 habere,
1485 304 1527 333 ut·
1557 297 1686 336 decem

274 366 427 402 milibus
471 365 792 402 mercenariorum
838 365 1018 410 militum,
1067 373 1206 415 praeter
1243 366 1498 402 Macedonum
1543 367 1689 416 copias,

273 434 502 483 stipendium
534 435 571 470 in
602 435 757 471 totidem
790 447 911 471 annos
950 444 1204 484 praeparatum
1246 436 1406 481 habeat,
1452 444 1589 485 praeter
1622 450 1691 473 an-

275 516 415 549 nuum,
462 504 565 552 quod
603 517 650 541 ex
682 504 844 540 metallis
874 505 988 552 regiis
1019 505 1173 553 capiat,
1217 506 1394 554 vectigal.
1474 507 1600 543 Arma
1630 506 1692 543 vel

276 574 398 610 tribus
428 574 544 610 tantis
578 574 807 611 exercitibus
838 574 875 610 in
907 575 1205 611 armamentaria
1236 576 1488 624 congessisse.
1550 577 1691 613 luven-

275 649 407 687 tutem,
436 651 478 679 nt
508 644 583 680 iam
620 644 849 680 Macedonia
879 643 1043 688 deficiat,
1073 645 1178 681 velut
1207 657 1256 681 ex
1285 646 1442 693 perenni
1466 645 1571 682 fonte
1592 645 1691 683 unde

276 713 441 758 hauriat,
474 713 679 750 Threciam
711 713 919 749 subiectam
951 719 1072 751 esse.“

387 783 589 831 Reliquom
616 784 799 820 orationis
824 783 1042 819 adhortatio
1066 783 1148 822 fuit.
1182 784 1297 827 „Non
1321 796 1393 833 ego
1419 785 1523 820 haec“
1558 784 1692 833 inquit,

279 853 458 897 „incertis
488 852 632 889 iactata
661 854 878 890 rumoribus
910 861 944 889 et
972 854 1145 902 cupidius
1177 855 1333 894 credita,
1368 854 1458 902 quia
1488 866 1580 890 vera
1609 866 1694 892 esse

277 923 324 959 de
353 923 507 959 inimico
538 922 698 959 crimina
725 923 916 967 volebam,
947 923 1080 960 adfero
1113 924 1162 959 ad
1193 936 1284 967 vos,
1316 932 1444 973 patres
1475 924 1693 973 conscripti,

277 993 343 1029 sed
387 1000 584 1041 comperta
622 1000 659 1029 et.
698 993 919 1041 explorata,
963 994 1066 1029 haud
1104 1005 1213 1030 secus
1254 1006 1368 1041 quam
1408 994 1440 1030 si
1476 994 1695 1042 speculator

280 1062 418 1098 missus
448 1075 471 1098 a
501 1063 611 1099 vobis
642 1062 815 1098 subiecta
844 1063 963 1098 oculis
991 1064 1186 1101 referrem.
1233 1064 1381 1111 Neque,
1412 1063 1543 1099 relicto
1574 1075 1693 1111 regno

277 1145 386 1177 meo,
435 1133 538 1180 quod
583 1132 750 1180 amplum
788 1139 823 1168 et
863 1133 1058 1181 egregium
1095 1145 1165 1169 vos
1204 1132 1366 1176 fecistis,
1411 1146 1516 1170 mare
1547 1141 1694 1170 tantum

277 1202 526 1247 traiecissem,
556 1210 595 1239 ut
628 1215 729 1239 vana
760 1203 808 1239 ad
847 1215 916 1238 vos
947 1202 1155 1239 adferendo
1186 1203 1298 1239 fidem
1331 1203 1558 1251 abrogarem
1591 1201 1694 1238 mihi.

280 1271 494 1309 Cernebam
522 1273 779 1309 nobilissimas
801 1272 906 1310 Asiae
937 1280 972 1308 et
997 1273 1158 1310 Graeciae
1188 1273 1360 1309 civitates
1393 1273 1429 1309 in
1461 1273 1540 1308 dies
1572 1271 1695 1320 magis

279 1342 514 1378 denudantes
544 1342 685 1378 iudicia
715 1355 797 1385 sua,
830 1354 933 1384 mox,
965 1342 996 1378 si
1028 1343 1322 1390 permitteretur,
1355 1355 1400 1379 eo
1433 1353 1695 1390 processuras,

280 1412 380 1448 unde
403 1420 597 1460 receptum
629 1412 674 1447 ad
701 1411 955 1459 paenitendum
977 1423 1052 1447 non
1079 1412 1275 1450 haberent.
1319 1411 1532 1449 Cernebam
1554 1412 1697 1448 Persea

280 1494 356 1517 non
387 1483 640 1518 continentem
673 1493 714 1518 se
745 1481 983 1518 Macedoniae
1013 1493 1143 1530 regno,
1179 1481 1256 1517 alia
1285 1482 1401 1518 armis
1432 1490 1696 1530 occupantem,

281 1551 376 1596 alia,
419 1563 503 1599 quae
540 1551 578 1587 vi
607 1551 733 1599 subigi
763 1563 838 1586 non
869 1558 1037 1599 possent,
1078 1550 1214 1587 favore
1244 1563 1288 1587 ac
1319 1551 1575 1588 benivolentia
1606 1563 1696 1587 con·

281 1621 520 1670 plectentem.
580 1620 794 1664 Videbam,
826 1633 940 1668 quam
972 1620 1084 1668 inpar
1114 1629 1213 1656 esset
1243 1633 1348 1665 sors,
1379 1633 1462 1657 cum
1495 1621 1556 1657 ille
1587 1618 1697 1658 vobis

281 1691 420 1727 bellum
446 1697 614 1740 pararet.
645 1701 714 1725 vos
745 1690 778 1726 ei
809 1703 981 1726 securam
1014 1683 1147 1738 pacem
1178 1691 1430 1738 praestaretis3
1462 1703 1696 1739 quamquam

281 1762 374 1797 mihi
413 1762 564 1809 quidem
607 1772 684 1795 non
724 1772 874 1807 parare,
913 1759 979 1795 sed
1010 1772 1141 1808 gerere
1174 1773 1281 1808 paene
1311 1761 1449 1797 bellum
1481 1760 1697 1799 videbatur.

282 1831 536 1879 Abrupolim,
583 1829 726 1865 socium
769 1830 895 1877 adque
941 1829 1103 1865 amicum
1147 1838 1335 1874 vestrum,
1383 1843 1501 1879 regno
1539 1830 1697 1879 expulit.

283 1900 561 1936 Arthetaurum
592 1898 779 1947 Illyrium,
811 1898 901 1946 quia
930 1899 1074 1947 scripta
1107 1899 1155 1936 ab
1187 1912 1231 1936 eo
1263 1901 1437 1948 quaedaui
1469 1901 1578 1937 vobis
1608 1913 1698 1938 con·

285 2065 305 2091 4
342 2060 461 2092 Vahlen
488 2068 712 2102 praeparatum
740 2062 882 2100 haber03
919 2062 1016 2094 Hertz
1047 2072 1263 2103 praeparasse.
1342 2063 1380 2100 9,
1420 2067 1431 2094 l
1461 2064 1576 2094 decem
1603 2064 1701 2096 milia

285 2120 591 2150 mercennariorum
625 2118 722 2151 Gron.
775 2124 794 2151 3
822 2130 945 2150 annum
987 2125 1005 2150 4
1027 2121 1112 2160 regis
1163 2120 1218 2156 10,
1247 2124 1264 2149 ‘2
1294 2121 1401 2151 tribus
1427 2128 1556 2152 tantum
1587 2120 1697 2163 Siqon.

288 2175 603 2214 [armamentarium
670 2183 688 2208 4
728 2179 870 2209 thesium
915 2183 980 2218 (ap.
1009 2176 1108 2208 Hertz
1145 2178 1326 2215 xhcrciam3
1371 2177 1468 2220 Gryn.
1499 2178 1697 2218 Thraciam)

285 2243 388 2280 xm,
418 2245 454 2277 1.
496 2249 506 2276 l
541 2246 656 2287 inquid
718 2250 736 2277 3
771 2247 899 2277 adduos
936 2233 986 2286 pc.
1051 2251 1069 2276 4
1096 2247 1187 2276 haud
1221 2257 1333 2277 secum
1369 2257 1468 2288 quum
1518 2246 1605 2278 luter
1639 2257 1698 2278 ex-

284 2301 417 2341 plorata
444 2309 472 2331 c!
497 2302 585 2333 haud
613 2304 642 2334 in
670 2302 770 2334 mecho
797 2315 885 2334 versu
914 2303 1049 2344 spatium
1076 2315 1207 2334 vacuum
1236 2303 1252 2334 7
1277 2303 1449 2335 litterarum
1476 2311 1520 2335 est
1543 2305 1609 2336 sine
1634 2304 1701 2337 ulla

286 2370 402 2390 rasura
417 2358 601 2391 autdamno
615 2361 742 2392 chartae.
794 2361 826 2399 2,
843 2365 861 2392 3
884 2362 925 2392 nd
953 2371 1013 2392 uos
1036 2361 1163 2392 fecistis
1189 2363 1375 2393 adserendo
1398 2364 1402 2402 Ι
1426 2363 1624 2402 adrogarcm
1666 2361 1699 2401 3,

290 2424 303 2450 l
346 2420 744 2460 nouilissitnas!graecie
806 2426 824 2452 2
860 2423 1037 2453 denudatis
1110 2425 1128 2452 3
1170 2424 1386 2462 penitentium
1431 2433 1498 2454 non
1540 2424 1699 2456 haberem

287 2480 320 2517 4,
348 2485 366 2511 3
395 2482 505 2521 suuigi
537 2483 542 2512 l
572 2489 713 2523 possunt
738 2481 911 2523 Rupertius
943 2488 972 2514 et
1007 2482 1078 2523 My.
1104 2485 1108 2520 Ι
1135 2481 1233 2525 Gryn.
1262 2484 1415 2515 bcnevol.
1467 2484 1499 2519 5,
1527 2489 1544 2514 2
1573 2484 1700 2516 bellum

287 2551 349 2573 uos
379 2540 476 2573 Gron.
528 2545 548 2573 3
573 2552 688 2584 parere
739 2543 771 2582 6,
800 2548 818 2574 2
846 2543 1051 2575 arthetarum
1077 2543 1210 2586 Kreyss.
1240 2544 1363 2587 (Gryn.
1394 2545 1607 2585 Artetarum)
