1742 2902
149 1082 199 1129 21

317 140 365 174 58
671 135 772 165 Liber
800 133 906 165 XLII.
959 135 1018 175 (A.
1046 145 1078 166 u.
1107 144 1134 166 c.
1164 134 1258 174 582.)

257 259 295 294 in
327 257 518 306 Capitolio
548 259 682 294 Romae
711 263 748 293 et
776 257 813 293 in
839 256 1054 306 Campania
1080 258 1128 294 ad
1152 258 1337 294 Minervae
1364 256 1668 305 promuntorium

257 327 542 369 renuntiarunt;
586 327 696 363 ludos
734 340 802 376 per
841 328 878 364 X
910 329 990 364 (lies
1030 329 1114 365 Iovi
1151 328 1296 376 optimo
1340 326 1507 362 maximo
1545 326 1670 374 primo

260 408 413 442 quoque
440 396 500 432 die
530 395 736 432 faciendos.
784 397 842 433 Ea
871 399 1000 434 omnia
1029 411 1113 434 cum
1146 410 1237 433 cura
1268 396 1384 433 faeta.
1434 396 1670 443 Haruspices

258 464 294 500 in
337 465 476 500 bonum
519 478 714 502 versurum
759 467 795 503 id
837 467 1052 515 prodigium
1099 467 1430 516 prolationemque
1467 465 1595 502 finium
1634 471 1672 501 et

258 534 448 569 interitum
481 535 728 582 perduellium
761 536 934 584 portendi
967 538 1256 584 responderunt,
1286 537 1388 584 quod
1420 548 1467 572 ex
1497 535 1671 572 hostibus

258 603 383 651 spolia
413 603 572 641 fuissent
601 618 643 641 ea
676 615 823 648 rostra,
855 619 938 653 quae
969 614 1175 654 tempestas
1205 607 1405 642 diiecisset.
1486 608 1671 641 Accesse-

258 681 365 714 runt,
397 686 480 721 quae
510 675 748 710 cumularent
778 675 980 722 religiones
1011 676 1165 711 animis:
1227 676 1428 719 Saturniae,
1457 674 1671 710 nuntiatum

259 751 353 783 erat,
385 743 571 790 sanguine
601 757 669 792 per
699 745 864 781 triduum
887 745 924 780 in
950 745 1093 793 oppido
1119 746 1303 793 pluvisse3
1334 744 1494 781 Calatiae
1524 744 1672 780 asinum

258 812 443 860 tripedem
477 822 628 855 natum,
669 822 704 850 et
735 821 883 850 taurum
917 827 1000 850 cum
1034 815 1201 863 quinque
1230 814 1358 851 vaceis
1388 826 1463 849 uno
1493 813 1567 850 ictu
1599 812 1673 849 ful-

261 882 372 917 minis
415 883 677 926 exanimatos;
723 884 881 920 Auximi
923 892 1024 920 terra
1065 885 1243 932 pluvisse.
1326 885 1474 920 Horum
1519 893 1674 929 quoque

258 952 520 999 prodigiorum
554 965 672 989 causa
698 965 759 989 res
789 954 927 989 divinae
956 953 1069 990 factae
1099 962 1135 990 et
1165 953 1393 1002 supplicatio
1425 965 1540 988 unum
1572 952 1672 988 diem

259 1020 440 1068 feriaeque
471 1022 622 1058 habitae.

374 1089 561 1127 Consules
594 1093 641 1128 ad
673 1093 708 1128 id
742 1101 891 1141 tempus
922 1093 958 1128 in
989 1092 1227 1140 provinciam
1259 1103 1334 1126 non
1366 1091 1551 1134 exierant,
1584 1088 1675 1137 quia

260 1172 405 1207 neque,
436 1161 488 1196 uti
520 1162 566 1197 de
597 1163 651 1201 M.
685 1163 838 1211 Popilio
868 1162 1066 1205 referrent,
1101 1161 1249 1197 senatui
1280 1160 1604 1208 obsequebantur,
1638 1163 1676 1194 et

261 1229 352 1265 nihil
398 1229 500 1266 aliud
541 1231 743 1268 decernere
790 1232 893 1280 prius
939 1238 1122 1266 statutum
1168 1231 1342 1279 patribus
1381 1237 1474 1266 erat.
1546 1231 1676 1265 Aucta

260 1300 373 1334 etiam
407 1300 550 1335 invidia
580 1308 638 1336 est
669 1301 792 1348 Popili
825 1300 958 1336 litteris
989 1301 1090 1345 eius,
1132 1301 1269 1348 quibus
1301 1301 1435 1336 iterum
1467 1311 1550 1335 cum
1586 1299 1674 1333 Sta-

260 1369 359 1404 tellis
401 1369 603 1417 Liguribus
644 1382 818 1417 prm-ons.
858 1383 1050 1418 pugnasse
1089 1383 1128 1405 se
1170 1370 1321 1417 scripsit
1363 1381 1407 1405 ae
1455 1381 1522 1404 sex
1571 1367 1677 1402 milia

262 1451 393 1474 eorum
438 1439 632 1477 occidisse.
701 1440 868 1488 Propter
905 1441 1011 1476 cuius
1050 1440 1225 1476 iniuriam
1261 1439 1347 1475 belli
1379 1437 1491 1475 ceteri
1523 1447 1677 1484 quoque

262 1508 444 1555 Ligurum
477 1509 606 1557 populi
639 1510 686 1545 ad
719 1523 827 1545 arina
857 1510 992 1545 ierunt.
1036 1510 1136 1545 Tum
1167 1521 1257 1544 vero
1284 1520 1359 1543 non
1391 1509 1529 1543 absens
1561 1505 1675 1542 modo

261 1578 456 1625 Popilius,
499 1579 561 1625 qui
605 1579 740 1614 deditis
779 1588 913 1615 contra
950 1579 1006 1615 ius
1049 1591 1094 1614 ae
1133 1578 1191 1614 fas
1235 1578 1374 1613 bellum
1418 1576 1605 1613 intulisset
1644 1580 1678 1611 et

262 1656 423 1695 pacatos
463 1648 510 1683 ad
551 1649 810 1685 rebellandum
855 1649 1068 1689 incitasset,
1117 1648 1183 1685 sed
1217 1647 1412 1690 consules,
1459 1645 1560 1694 quod
1600 1657 1676 1680 non

263 1717 410 1753 exirent
439 1718 476 1753 in
508 1719 758 1766 provinciam.
790 1719 825 1754 in
857 1727 990 1753 senatu
1021 1717 1207 1764 increpiti.
1271 1717 1358 1752 Hoc
1391 1727 1575 1752 consensu
1607 1725 1676 1761 pa-

262 1794 360 1823 trum
395 1788 542 1823 accensi
577 1788 626 1823 M.
661 1788 830 1823 Marcius
862 1788 996 1824 Sermo
1028 1796 1064 1822 et
1095 1786 1141 1832 Q.
1167 1786 1334 1821 Marcius
1365 1785 1506 1833 Scylla,
1537 1781 1679 1819 tribuni

262 1856 406 1904 plebis,
447 1865 480 1892 et
518 1857 737 1892 consulibus
780 1857 936 1892 multam
968 1868 1009 1892 se
1039 1856 1227 1898 dicturos,
1269 1855 1339 1890 nisi
1370 1855 1406 1891 in
1438 1853 1676 1902 provinciam

263 1927 422 1964 exirent.
449 1927 720 1962 denuntiarunt
749 1934 785 1962 et
815 1925 1067 1974 rogationem,
1094 1938 1207 1973 quam
1234 1925 1281 1960 de
1312 1924 1514 1972 Liguribus
1541 1920 1677 1957 deditis

211 1998 225 2029 .”
263 1996 508 2043 promulgare
538 1997 574 2032 in
610 1997 737 2032 animo
769 1997 976 2037 haberent,
1008 1995 1044 2030 iu
1075 2004 1208 2031 senatu
1239 1995 1457 2031 recitarunt.
1519 1991 1678 2029 Sancie-

262 2065 395 2103 batur.
429 2073 480 2110 ut,
512 2066 575 2113 qui
607 2079 653 2102 ex
682 2066 851 2102 Statellis
881 2065 1018 2101 deditis
1051 2065 1088 2100 in
1120 2065 1331 2100 libertatem
1363 2063 1559 2098 restitutus
1590 2067 1679 2097 ante

263 2134 443 2171 calendas
466 2135 629 2173 Sextiles
666 2136 809 2184 primas
847 2147 923 2171 nou
953 2143 1064 2178 esset,
1095 2134 1201 2170 cuius
1227 2133 1316 2169 dolo
1344 2133 1444 2168 malo
1468 2132 1500 2168 is
1532 2132 1568 2167 in
1598 2142 1678 2166 ser-

264 2302 283 2328 4
303 2298 387 2328 iovis
414 2286 432 2327 o
459 2286 501 2329 m.
558 2298 590 2331 4,
614 2302 632 2328 3
652 2283 898 2339 puerduellium
937 2296 968 2331 5,
989 2299 1006 2325 2
1035 2295 1183 2326 saturnie
1233 2297 1252 2324 3
1284 2292 1383 2334 Gryn.
1398 2292 1527 2333 pluisse
1541 2294 1582 2326 (et
1595 2290 1626 2327 5,
1643 2293 1677 2328 5)

265 2354 270 2396 1
288 2355 473 2385 calcteinca
512 2361 529 2384 4
547 2356 700 2394 tripidcm
742 2355 877 2384 uaccliis
894 2353 897 2392 l
914 2353 1061 2384 fluminis
1076 2353 1286 2382 examinatos
1323 2350 1427 2381 oximi
1466 2349 1498 2385 6,
1521 2352 1531 2379 1
1552 2349 1677 2389 quique

264 2414 282 2442 2
299 2411 582 2451 suppurationum
599 2413 685 2442 ‹liem
737 2412 831 2445 XXl,
848 2411 878 2448 1,
899 2415 908 2440 1
929 2410 1120 2451 prouincias
1138 2409 1309 2449 Ruperte'us
1354 2412 1372 2438 2
1389 2406 1527 2447 (referre
1542 2405 1602 2440 H.)
1619 2405 1623 2444 Ι
1639 2410 1678 2436 ut

263 2469 346 2498 nibil
396 2467 427 2504 2,
455 2472 473 2498 2
500 2469 614 2509 populi
638 2470 642 2507 Ι
665 2469 937 2509 quibussiiterum
961 2469 966 2506 Ι
987 2467 1154 2498 sutellutis
1182 2465 1347 2496 Belckerus
1374 2464 1492 2505 (Gryn.
1515 2462 1675 2495 Statella-

264 2526 392 2563 tibus)3
420 2535 458 2555 ac
473 2535 507 2555 se
524 2535 557 2556 x.
585 2526 676 2556 milia
702 2526 821 2567 (Gryn.
849 2535 888 2556 ac
916 2535 949 2555 se
975 2525 1090 2555 decom
1119 2525 1180 2561 m.)
1227 2528 1245 2553 4
1273 2531 1404 2563 queque
1454 2521 1486 2557 3,
1515 2525 1532 2551 2
1559 2520 1610 2550 ius
1635 2528 1677 2550 ac

264 2587 331 2613 tam
354 2582 479 2612 bollum
503 2582 675 2613 intulisstt
697 2591 834 2623 pacatos
882 2587 900 2613 3
923 2583 964 2613 ad
986 2582 1158 2612 iebellium
1177 2579 1227 2611 ed.
1248 2579 1338 2612 Grut.
1356 2578 1440 2620 (Csr.
1457 2578 1529 2610 Em.
1545 2575 1615 2608 517
1629 2575 1677 2617 n.)

262 2638 296 2678 4,
323 2643 342 2671 3
371 2647 404 2670 ct
428 2639 545 2670 consul
572 2639 712 2670 multam
762 2639 794 2676 5,
822 2644 839 2670 2
868 2639 999 2671 satellis
