1753 2934
498 130 600 162 Liber
623 128 750 160 XLIV.
801 128 862 163 (A.
892 127 971 159 Chr.
1004 130 1096 165 168.)
1384 128 1454 163 189

103 252 262 288 turbitlae
305 253 428 300 primo
460 259 496 288 et
525 260 656 288 tenues
687 252 874 294 emicare,
917 250 1002 286 dein
1048 249 1229 297 liquidam
1277 248 1511 295 multamque

102 321 260 358 fundere
291 335 458 369 aquam,
488 322 592 358 velut
622 323 733 358 deum
768 321 882 363 dono,
913 327 1119 367 coeperunt.
1183 318 1433 365 Aliquantum
1465 330 1510 353 ea

101 402 254 438 quoque
298 402 358 426 res
405 390 491 427 duci
535 392 647 427 famae
691 397 728 426 et,
771 389 1009 425 auctoritatis
1052 396 1143 435 aput
1184 388 1319 423 milites
1359 387 1509 423 adiecit.

99 460 219 495 Iussis
251 459 386 495 deinde
416 460 596 496 militibus
628 460 808 508 expedire
839 471 971 503 arma,
1016 458 1096 505 ipse
1127 469 1209 493 cum
1242 456 1401 492 tribunis
1431 455 1510 503 pri-

101 529 247 576 misque
292 529 488 566 ordinibus
533 530 580 566 ad
626 529 942 577 contemplandos
979 527 1162 563 transitus
1194 528 1393 574 processit,
1438 537 1511 572 qna

99 598 302 634 descensus
342 598 464 635 facilis
505 600 683 638 armatis,
731 611 807 645 qua
849 598 886 633 in
926 597 1140 633 ulteriorem
1187 596 1310 643 ripam
1358 595 1511 630 minime

99 667 218 703 inicos
259 680 438 705 ascensus
477 677 586 705 esset.
665 669 737 705 His
777 669 869 705 satis
901 665 1129 715 exploratis,
1177 664 1252 700 alia
1295 676 1447 712 quoque
1477 666 1512 698 in

100 738 225 773 melius
254 741 417 774 mutavit.
485 739 672 783 Primum,
703 745 744 774 ut
773 739 905 774 ordine
937 750 981 773 ac
1011 736 1091 772 sine
1121 734 1284 770 tumultu
1316 733 1444 769 omnia
1475 732 1510 767 in

99 807 250 854 agmine
281 808 329 842 ad
367 814 498 843 nutum
535 809 814 857 imperiumque
851 807 956 843 ducis
996 808 1148 849 fierent,
1197 804 1375 851 providit.
1434 802 1512 841 Ubi

99 876 274 912 omnibus
304 877 416 913 simul
446 879 771 925 pronuntiaretur,
821 877 922 924 quod
953 879 1072 919 fieret,
1119 887 1231 922 neque
1260 875 1359 909 clare
1388 886 1511 921 neque

99 957 230 981 omnes
260 947 465 991 exaudire;
492 948 637 985 incerto
669 947 830 995 imperio
853 952 1024 993 accepto,
1056 945 1164 987 alios,
1196 945 1243 979 ab
1275 955 1315 979 se
1345 943 1511 979 adicien-

99 1022 166 1059 tes,
197 1015 282 1063 plus
313 1029 370 1058 eo,
403 1018 504 1065 quod
535 1019 761 1066 imperatum
793 1017 852 1060 sit,
883 1015 979 1051 alios
1005 1015 1127 1050 minus
1148 1013 1294 1057 facere3
1324 1013 1511 1048 clamores

98 1085 234 1122 deinde
272 1087 447 1122 dissonos
487 1088 577 1123 oriri
614 1087 790 1124 omnibus
829 1086 945 1125 locis,
991 1092 1025 1121 et
1070 1083 1175 1132 prius
1222 1084 1351 1119 hostes
1396 1095 1510 1130 quam

98 1155 214 1203 ipsos,
245 1155 335 1203 quid
364 1163 541 1204 paretur,
572 1157 679 1193 scire.
748 1156 909 1193 Placere
938 1155 1076 1204 igitur,
1126 1155 1316 1190 tribunum
1352 1152 1509 1188 militum

98 1225 220 1272 primo
251 1225 328 1274 pilo
359 1226 518 1274 legionis
559 1234 746 1263 secretum
790 1227 901 1263 edere
941 1225 1164 1273 imperium,
1213 1222 1317 1259 illum
1357 1229 1393 1258 et
1427 1222 1513 1258 dein

97 1294 265 1342 singulos
292 1296 469 1343 proximo
501 1297 638 1344 cuique
667 1298 704 1333 in
739 1297 872 1333 ordine
902 1294 1113 1332 centurioni
1134 1293 1270 1337 dicere,
1302 1293 1392 1340 quid
1417 1304 1513 1341 opus

97 1363 199 1400 facto
231 1365 302 1409 sit,
346 1365 426 1401 sive
460 1379 482 1401 a
513 1366 645 1414 primis
675 1366 792 1414 signis
824 1366 872 1401 ad
904 1365 1153 1401 novissimum
1184 1375 1321 1410 agmen
1352 1361 1433 1398 sive
1464 1362 1512 1397 ab

102 1434 282 1470 extremis
313 1435 360 1470 ad
395 1435 540 1482 primos
570 1436 840 1484 perferundum
872 1434 1073 1483 imperium
1104 1433 1163 1469 sit.
1222 1431 1369 1479 Vigiles
1400 1433 1514 1469 etiam

101 1516 202 1539 novo
238 1516 344 1540 more
374 1511 523 1541 scutum
552 1506 589 1541 in
620 1506 790 1554 vigiliam
820 1505 921 1541 ferre
942 1504 1082 1545 vetuit3
1112 1515 1189 1537 non
1220 1502 1317 1538 enim
1349 1502 1387 1537 in
1418 1515 1515 1550 pug-

102 1585 187 1608 nam
220 1573 373 1622 vigilem
404 1575 471 1619 ire,
502 1581 543 1610 ut
573 1576 688 1612 armis
720 1582 860 1619 utatur,
890 1575 955 1610 sed
987 1574 1035 1609 ad
1065 1572 1314 1620 vigilandum,
1346 1579 1398 1617 ut,
1429 1584 1514 1608 cum

101 1642 260 1678 senserit
288 1643 455 1679 hostium
487 1644 716 1688 adventum,
764 1644 925 1692 recipiat
967 1655 1009 1678 se
1053 1642 1269 1688 excitetque
1313 1641 1362 1677 ad
1406 1654 1516 1678 arma

101 1711 209 1748 alios.
277 1711 394 1750 Scuto
425 1725 504 1761 prae
534 1725 574 1749 se
604 1721 730 1751 erecto
762 1720 865 1750 stare
894 1712 1089 1762 galeatos3
1135 1710 1289 1756 deinde,
1330 1711 1393 1747 ubi
1423 1711 1515 1748 fessi

101 1781 187 1826 sint,
217 1781 369 1818 innixos
399 1782 489 1830 pilo,
527 1782 652 1830 capite
681 1796 796 1832 super
827 1783 1037 1833 marginem
1069 1781 1166 1818 scuti
1198 1781 1338 1829 posito,
1369 1782 1515 1829 sopitos

101 1858 226 1896 stare,
269 1858 310 1887 ut
347 1850 579 1900 fulgentibus
622 1854 739 1890 armis
769 1854 904 1901 procul
935 1852 1103 1900 conspici
1134 1852 1184 1888 ab
1214 1851 1324 1887 hoste
1353 1852 1516 1900 possint,

101 1920 174 1969 ipsi
218 1921 311 1957 nihil
354 1921 596 1969 provideant.
674 1922 890 1959 Stationum
943 1934 1097 1970 quoque
1145 1934 1290 1958 morem
1337 1922 1513 1959 mutavit.

100 1991 255 2027 Armati
289 2002 442 2035 omnesq
473 1997 509 2027 et
538 1991 696 2029 frenatis
727 1992 836 2039 equis
866 1992 1032 2039 equites,
1075 1992 1175 2028 diem
1209 1996 1330 2027 totum
1362 1997 1514 2039 persta-

100 2175 132 2213 4,
160 2179 179 2206 2
205 2176 308 2207 adicit
328 2177 424 2208 Grou.
489 2180 508 2206 3
534 2189 601 2217 sqq.
629 2178 821 2218 primisquae
848 2177 1022 2207 ordinibus
1058 2186 1130 2217 quae
1168 2177 1210 2206 ad
1236 2177 1516 2217 contemplandos

102 2234 261 2265 transitus
287 2234 469 2265 descensus
495 2233 651 2275 supplevi
663 2236 738 2276 sere
765 2240 798 2265 ut
831 2234 941 2266 lVez'ss.
978 2233 1096 2275 (Gryn.
1128 2233 1314 2274 primisque
1339 2234 1515 2265 ordinibus

100 2291 192 2321 vadit
216 2291 259 2321 ad
285 2296 374 2322 cont.
399 2298 515 2329 trans„
544 2301 610 2331 qua
636 2292 835 2332 descensus)
881 2295 898 2321 6
931 2290 1029 2333 (it-yn.
1058 2292 1192 2331 iniquus
1239 2291 1302 2327 5‚1
1333 2292 1516 2332 exploratis

100 2347 159 2378 illa
180 2357 314 2388 quoque
338 2349 482 2389 primum
503 2349 574 2391 My.
590 2349 663 2380 Em.
684 2348 756 2380 583
806 2353 824 2379 3
853 2349 1004 2379 adiutum
1043 2348 1074 2385 6,
1095 2353 1112 2379 2
1139 2348 1237 2379 fieret
1263 2358 1371 2388 neque
1399 2359 1516 2381 omnes

102 2405 278 2436 exaudiret
305 2405 377 2447 My.
402 2407 474 2439 Em.
497 2407 567 2438 584²
592 2406 709 2449 (Gr-yn.
738 2407 842 2443 fieret,
868 2416 978 2446 neque
1003 2415 1119 2437 omnes
1145 2407 1375 2447 exaudirent.)
1431 2411 1450 2437 3
1477 2417 1517 2438 ac

102 2468 199 2503 cepto
225 2463 359 2503 inlalios
400 2468 419 2494 4
445 2465 530 2496 alios
557 2465 654 2495 nimis
698 2468 715 2495 5
742 2465 896 2496 dissonos
923 2464 1052 2495 ostalos
1079 2464 1189 2494 minus
1214 2463 1325 2494 facere
1351 2464 1517 2496 clamores

102 2520 224 2551 deinde
250 2521 418 2561 dis]sonos
451 2523 559 2553 sorori
593 2523 749 2553 omnibus
801 2525 818 2552 6
857 2521 938 2561 ipsis
1006 2520 1043 2560 7,
1074 2524 1093 2551 3
1129 2522 1517 2562 proximoquecuiusque

103 2580 120 2607 5
154 2577 408 2618 perfer-untdnm
435 2577 558 2621 (Gryn.
585 2579 840 2620 perferendum)
889 2578 922 2615 8,
951 2582 969 2608 2
1000 2588 1093 2610 moro
1142 2578 1175 2616 9,
1203 2582 1221 2609 2
1249 2579 1350 2619 pilleo
1395 2582 1412 2608 3
1439 2589 1516 2619 pos-

103 2635 146 2665 sit
169 2636 239 2676 ipse
264 2636 347 2666 nihil
371 2637 548 2677 prouideat
578 2636 676 2668 Gran.
729 2636 784 2674 10,
813 2640 826 2667 1
856 2646 987 2666 murum
1014 2636 1160 2667 mutauit

1544 806 1565 838 {i

1552 1928 1596 1961 lO
