1753 2934
463 148 562 179 Liber
588 147 696 178 XLV.
756 147 814 187 (Λ.
842 145 928 179 Chr.
961 150 1051 183 iss.)
1327 148 1403 184 227

61 270 209 307 Gratiae
239 277 332 306 actae
372 278 407 306 et
437 270 686 320 Sempronio,
728 271 791 318 qui
821 271 857 306 in
888 272 981 307 bene
1018 275 1141 319 coepto
1172 275 1462 319 perseverasset,

62 347 101 375 et
130 340 303 378 Claudio.
335 341 397 387 qui
427 353 502 376 non
530 341 745 389 impedisset.
823 340 956 377 Plures
987 353 1098 387 quam
1130 341 1176 376 ab
1207 340 1464 388 superioribus
1497 340 1518 375 8

63 417 100 446 et
129 418 262 447 senatu
296 410 387 446 moti
417 417 502 446 sunt
533 418 569 446 et
599 423 716 459 equos
746 411 909 447 vendere
939 411 1039 446 iussi.
1100 409 1242 446 Omnes
1272 410 1383 446 iidem
1415 410 1462 446 ab

64 486 225 528 utroque
255 486 290 516 et
320 480 418 515 tribu
450 480 540 515 moti
572 487 607 516 et
635 481 757 517 aerarii
790 481 898 525 facti3
929 492 1050 527 neque
1072 479 1194 524 ullius,
1227 493 1336 528 quem
1369 480 1464 516 alter

63 555 224 593 notaret,
257 549 300 585 ab
323 549 442 585 altero
464 549 590 586 levata
620 551 839 599 ignominia.
899 550 1134 587 Potentibus.
1166 556 1206 585 ut
1227 562 1273 585 ex
1294 550 1464 586 instituto
1497 551 1518 585 9

62 619 111 654 ad
142 626 246 655 sarta
275 625 374 655 tecta
404 619 591 667 exigenda
618 629 654 657 et
685 622 733 657 ad
764 634 892 670 opera,
925 633 1006 668 quae
1034 620 1235 663 locassent,
1265 619 1465 667 probanda

63 689 150 724 anni
181 695 217 725 et
248 689 305 725 VI
337 690 518 725 mensium
550 698 697 740 tempus
727 698 1011 740 prorogaretur„
1043 689 1112 727 Cn.
1143 688 1368 726 Tremellius
1398 687 1463 724 tri-

63 755 203 799 hunus,
242 758 331 804 quia
369 760 486 796 lectus
528 774 601 797 non
639 768 720 797 erat
750 761 786 796 in
822 769 1006 805 senatum,
1036 758 1256 796 intercessit.
1316 756 1464 793 Eodem
1501 758 1546 792 10

62 837 162 861 anno
198 825 240 864 C.
273 826 462 866 Cicereius
493 832 608 867 aedem
644 833 810 868 Monetae
851 833 886 867 in
932 836 1046 866 monte
1082 829 1237 866 Albano
1275 826 1466 863 dedicavit

62 895 318 944 quinquennio
349 906 454 948 post,
485 913 597 948 quam
630 902 746 937 vovit.
809 901 969 937 Flamen
999 899 1188 936 Martialis
1217 898 1466 945 inauguratus

63 972 118 1001 est
147 979 191 1002 eo
223 980 321 1004 anno
354 970 397 1008 L.
429 971 648 1007 Postumius
678 970 854 1007 Albinus.

172 1037 217 1084 Q.
249 1039 366 1084 AElio,
398 1040 451 1076 M.
482 1041 592 1077 Iunio
631 1041 848 1078 consulibus
886 1041 932 1076 de
970 1039 1175 1088 provinciis
1206 1036 1469 1080 referentibus,
1531 1031 1579 1076 16
1667 1092 1682 1100 -

1488 1092 1697 1168 &3323

61 1188 138 1213 una
177 1191 245 1227 per
284 1180 422 1217 bellum
457 1180 748 1218 Macedonicum
790 1179 933 1225 fuerat,
975 1186 1011 1216 et
1039 1178 1307 1216 Macedoniam
1339 1176 1463 1225 Illyri·
1498 1187 1518 1220 2

61 1118 240 1144 censuere
270 1117 418 1157 patres,
449 1111 543 1148 duas
573 1111 789 1160 provincias
819 1109 1046 1159 Hispaniam
1086 1120 1216 1145 rursus
1246 1107 1348 1152 fieri,
1380 1118 1463 1154 quae

60 1259 222 1296 cumque
253 1251 425 1295 eosdem,
456 1252 501 1290 L.
532 1252 697 1289 Paulum
729 1257 765 1288 et
794 1251 841 1288 L.
870 1250 1074 1295 Anicium,
1118 1249 1307 1298 optinere,
1347 1247 1468 1283 donec

60 1317 107 1354 de
136 1320 322 1356 sententia
342 1320 554 1369 legatorum
584 1334 644 1358 res
666 1327 702 1358 et
731 1322 830 1358 bello
858 1321 1030 1358 turbatas
1052 1326 1088 1356 et
1116 1322 1151 1355 in
1181 1324 1320 1354 statum
1351 1317 1467 1353 alium

62 1400 109 1423 ex
138 1401 256 1437 regno
286 1389 508 1427 formandas
539 1392 839 1439 conposuissent.
898 1389 1127 1426 Consulibus
1154 1391 1254 1426 Pisae
1284 1394 1320 1425 et
1341 1387 1470 1426 Gallia
1502 1389 1522 1424 3

59 1459 220 1495 decretae
254 1473 335 1496 cum
370 1462 467 1498 binis
503 1461 696 1509 legionibus
726 1464 871 1510 quinum
899 1461 1034 1496 milium
1048 1451 1221 1508 ¹peditum
1244 1465 1280 1495 et
1300 1458 1467 1506 equitum

60 1530 422 1578 quadringenorum.
487 1532 700 1568 Praetorum
747 1538 868 1568 sortes
908 1530 1033 1575 fuere,
1074 1530 1120 1577 Q.
1157 1528 1266 1566 Cassi
1306 1529 1467 1573 urbana,

62 1597 126 1634 Μ’.
149 1599 299 1636 Iuventi
319 1601 478 1637 Thalnae
506 1601 604 1637 inter
632 1602 866 1650 peregrinos,
897 1601 959 1639 Ti.
982 1599 1119 1637 Claudi
1139 1599 1305 1636 Neronis
1327 1597 1468 1643 Sicilia,

60 1667 132 1704 Cn.
167 1669 280 1705 Fulvi
321 1670 512 1718 Hispania
555 1671 729 1716 citerior,
772 1672 920 1707 ulterior
965 1669 1008 1708 C.
1051 1670 1173 1706 Licini
1212 1670 1364 1707 Nervae.
1419 1668 1471 1706 A.
1503 1672 1525 1706 4

61 1737 207 1775 Manlio
238 1739 438 1787 Torquato
471 1740 650 1778 Sardinia
693 1742 919 1785 obvenerat3
973 1740 1118 1789 nequiit
1156 1740 1210 1776 ire
1246 1739 1285 1775 in
1314 1737 1468 1787 provin-

64 1807 173 1851 ciam,
205 1808 254 1844 ad
281 1821 342 1845 res
363 1810 544 1858 capitales
566 1811 789 1859 quaerendas
823 1824 870 1847 ex
904 1816 1058 1847 senatus
1086 1809 1258 1846 consulto
1288 1812 1466 1844 retentus.

64 2004 121 2042 8‚l
140 2005 319 2047 plusquam
333 2006 376 2036 ad
386 2005 611 2047 superioribus
646 2010 664 2037 2
682 2008 800 2038 remoti
818 2006 1040 2038 suntDouz'at.
1053 2004 1173 2047 (Gryn.
1188 2003 1308 2043 emoti)
1322 2000 1466 2045 laequosl

65 2063 155 2094 idem
215 2068 234 2095 3
274 2064 363 2095 tribu
392 2063 510 2095 remoti
542 2062 639 2095 Gron.
670 2065 675 2106 Ι
701 2065 795 2095 aerari
856 2069 876 2096 4
915 2069 1046 2096 notaret
1076 2063 1181 2094 altero
1209 2062 1331 2092 laeuata
1360 2059 1467 2101 (Ρὶμῆ.

65 2133 216 2173 notarat)
287 2133 319 2171 9,
347 2137 364 2164 2
398 2119 608 2174 probannida
690 2137 710 2164 3
738 2139 772 2164 et
795 2134 967 2165 bimensus
993 2139 1122 2174 tempus
1151 2130 1239 2162 Crev.
1275 2129 1391 2171 (Gryn.
1417 2128 1470 2159 bi-

65 2191 192 2221 mensis
232 2192 379 2232 tempus)
457 2195 477 2220 4
514 2191 547 2220 in
583 2196 701 2222 senatu
784 2191 846 2229 10,
885 2196 903 2222 2
947 2192 1043 2222 adem
1081 2189 1321 2221 monetalbano
1357 2186 1468 2218 Drak.

68 2246 186 2290 (Gi-yn.
214 2249 321 2280 aedem
346 2249 381 2279 in
406 2254 519 2279 monte
548 2248 697 2289 Albano)
773 2254 793 2279 4
830 2249 851 2280 l.
875 2249 995 2280 abinus
1021 2253 1135 2289 (supra
1159 2247 1274 2287 scripto
1299 2245 1328 2285 l)
1352 2250 1469 2286 postu-

65 2305 153 2336 mius
225 2306 321 2344 XVI,
347 2305 378 2344 1,
405 2310 423 2337 2
449 2306 603 2347 hispania
669 2306 701 2344 2,
732 2310 744 2337 1
773 2307 972 2338 macedonia
1022 2311 1040 2337 2
1067 2306 1215 2348 optinere
1241 2305 1335 2335 decet
1360 2303 1400 2333 de
1449 2305 1468 2333 3

73 2361 170 2406 Gryn.
196 2363 382 2404 legatorum
409 2369 443 2395 et
467 2374 518 2395 res
538 2364 628 2395 bello
650 2364 655 2404 1
678 2370 711 2395 et
729 2370 852 2395 statum
877 2363 1006 2405 Kreyss.
1035 2363 1152 2406 (Gryn.
1173 2369 1206 2394 et
1223 2366 1344 2394 statum
1367 2361 1469 2391 alium

69 2432 139 2463 eius
152 2433 246 2472 regni
261 2431 457 2473 formando)
509 2433 541 2471 3,
561 2437 573 2464 l
596 2433 714 2464 consul
727 2434 806 2474 pisae
853 2437 871 2464 2
899 2443 972 2463 cum
987 2433 1074 2463 binis
1090 2432 1152 2473 (H.
1169 2421 1293 2472 binise)
1319 2430 1468 2472 peditum

69 2489 176 2521 Drak.
215 2489 334 2532 (Gryn.
374 2501 448 2521 cum
489 2491 575 2522 binis
619 2491 812 2531 legionibus
832 2491 1013 2537 peditum)
1081 2495 1099 2522 3
1149 2491 1468 2532 quadringentorum

68 2545 177 2579 Drak.
220 2547 338 2589 (Gryn.
373 2549 688 2590 quadringentenis)
722 2548 727 2588 Ι
761 2558 791 2588 q.
827 2549 958 2580 causius
996 2549 1126 2579 urbana
1157 2559 1188 2579 m
1217 2548 1342 2579 inuenti
1369 2547 1470 2577 talnae

45 2599 49 2602 ’
71 2605 146 2645 (M’.
173 2611 202 2636 et
231 2606 369 2637 Thalnae
396 2604 526 2647 Siqon.)
585 2611 604 2636 4
631 2606 745 2637 siciliae
812 2609 829 2636 5
859 2606 1043 2637 citeriorem
1069 2616 1096 2638 c.
1123 2607 1214 2637 licini
1240 2604 1356 2647 (Gryn.
1384 2605 1469 2635 ulte-

69 2663 140 2694 rior
160 2669 234 2704 post
256 2663 375 2694 Nervae
400 2664 556 2704 inseruit.)
605 2663 638 2701 4,
666 2667 685 2694 2
711 2664 836 2703 nequid
859 2664 921 2695 iret
969 2668 987 2695 3
1014 2665 1166 2705 capitalis
1202 2704 1204 2706 Ι

1146 2725 1206 2758 15*
