1753 2934
514 136 614 168 Liber
638 135 745 166 XLV.
805 135 863 169 (A.
891 134 970 167 Chr.
995 139 1084 175 168.)
1351 138 1422 172 ’211

88 269 165 299 tum
207 269 365 298 vocatos
401 273 502 305 esse;
545 261 596 296 ibi
637 259 841 308 Agepolim
880 260 1086 308 principem
1123 271 1251 296 eorum
1290 259 1344 294 ita
1379 258 1485 295 locu-

89 337 188 369 tum:
219 332 359 368 Missos
390 343 472 367 esse
504 331 652 379 legatos
682 330 729 366 ab
746 330 906 366 Rhodiis
934 330 982 365 ad
1014 342 1144 378 pacem
1176 330 1273 365 inter
1290 330 1484 366 Romanos

88 409 124 438 et
154 403 300 438 Persea
330 400 564 445 faciendam,
605 401 706 448 quod
736 400 773 436 id
805 399 942 436 bellum
974 412 1092 448 grave
1123 400 1247 447 adque
1277 399 1485 435 incommo—

88 471 175 507 dum
209 470 369 508 Graeciae
400 470 515 512 omni,
549 479 813 518 sumptuosum
847 482 892 506 ac
923 471 1148 507 damnosum
1180 470 1270 518 ipsis
1302 469 1486 506 Romanis

86 547 195 577 esset.
260 541 468 576 Fortunam
507 540 637 588 populi
669 541 832 578 Romani
864 542 960 577 bene
990 540 1143 583 fecisse,
1174 540 1350 587 qnando„
1381 539 1485 575 finito

85 610 195 646 aliter
224 611 349 653 bello,
396 610 613 658 gratulandi
644 611 714 647 sibi
745 611 790 647 de
820 611 982 647 victoria
1020 610 1172 658 egregia
1203 610 1386 647 Romanis
1418 622 1485 658 op-

84 680 355 728 portunitatem
387 681 561 718 dedisset.
634 681 728 717 Haec
759 682 806 718 ab
837 681 989 718 Rhodio
1020 681 1140 723 dic-1213
1178 693 1400 729 responsum
1437 680 1484 716 ab

83 757 216 786 senatu
248 762 350 794 esse,
381 751 552 788 Rhodios
590 764 659 788 nec
700 752 916 788 utilitatium
950 750 1110 788 Graeciae
1148 762 1238 786 cura
1268 763 1390 798 neque
1429 750 1485 787 in-

83 832 288 868 pensarum
327 822 458 870 populi
499 822 686 864 Romani,
728 822 795 858 sed
834 835 904 870 pro
945 822 1088 858 Perseo
1125 820 1354 869 legationem
1401 832 1484 856 earn

84 890 244 928 misisse.
308 892 409 928 Nam
441 892 472 928 si
503 905 549 928 ea
578 892 711 928 fuisset
744 904 847 935 cura.¹
878 904 963 939 quae
993 891 1257 934 simularetur,
1289 898 1365 926 tum
1399 890 1483 925 mit-

83 960 217 996 tendos
260 960 408 1009 legatos
439 962 580 1008 fuisse,
626 974 709 998 cum
741 963 928 1006 Perseus,
973 962 1009 998 in
1043 961 1284 998 Thessaliam
1317 960 1485 996 exercitu

82 1030 260 1075 inducto,
307 1044 374 1080 per
417 1032 607 1069 biennium
641 1032 798 1069 Graecas
840 1033 952 1068 urbes
995 1031 1089 1067 alias
1136 1031 1344 1074 obsideret,
1390 1030 1484 1067 alias

82 1099 365 1137 denuntiatione
396 1114 588 1138 armorum
620 1109 789 1139 terreret.
855 1103 954 1139 Tum
985 1102 1127 1138 nullam
1162 1101 1268 1150 pacis
1297 1102 1346 1137 ab
1376 1102 1480 1138 Rho-

82 1170 152 1206 diis
183 1171 410 1208 mentionem
441 1171 595 1210 factam.
651 1173 863 1221 Postquam
894 1180 1094 1221 superatos
1125 1172 1243 1208 saltus
1274 1178 1484 1220 transgres-

81 1251 220 1288 sosque
250 1241 287 1277 in
319 1242 584 1279 Macedoniam
617 1244 814 1280 Romanos
846 1243 1035 1279 audierint
1071 1249 1108 1278 et
1144 1242 1327 1278 inclusum
1367 1241 1486 1277 teneri

80 1310 236 1356 Persea,
267 1317 356 1348 tunc
386 1313 557 1350 Rhodios
588 1313 816 1361 legationem
846 1314 1005 1357 misisse,
1036 1326 1111 1349 non
1143 1313 1191 1348 ad
1222 1312 1336 1347 ullam
1371 1311 1484 1347 aliam

82 1392 161 1416 rem
193 1393 306 1429 quam
339 1382 388 1418 ad
419 1384 564 1419 Persea
594 1397 640 1420 ex
670 1383 867 1420 inminenti
896 1384 1064 1432 periculo
1091 1382 1338 1432 eripiendum.
1386 1380 1482 1418 Cum

83 1450 155 1487 hoc
183 1463 366 1500 responso
397 1452 544 1501 legatos
575 1454 762 1490 dimissos.

191 1521 269 1557 Per
298 1522 449 1558 eosdem
481 1523 560 1559 dies
591 1532 627 1560 et
658 1525 711 1560 M.
742 1523 958 1567 Marcellus,
988 1535 1035 1558 ex
1064 1522 1262 1571 provincia
1290 1521 1480 1570 Hispania

82 1590 279 1635 decedens,
310 1592 519 1628 Marcolica
548 1594 665 1631 nobili
696 1595 788 1631 urbe
819 1603 954 1641 capta,
994 1593 1122 1629 decem
1151 1592 1292 1640 *pondo
1331 1592 1414 1628 auri
1447 1598 1483 1628 et

81 1661 228 1708 argenti
274 1662 322 1697 ad
366 1674 553 1699 summam
598 1664 760 1700 sestertii
816 1664 966 1700 deciens
1019 1663 1058 1699 in
1101 1663 1275 1699 aerarium
1324 1662 1479 1698 rettulit.

79 1730 225 1767 Paulus
256 1731 436 1768 IEmilius
469 1733 601 1769 consul
630 1746 714 1770 cum
746 1740 895 1779 castra,
940 1740 981 1769 ut
1010 1746 1127 1781 supra
1157 1733 1297 1769 dictum
1328 1740 1397 1777 est,
1432 1732 1481 1768 ad

80 1799 186 1838 Siras
216 1807 326 1837 terrae
357 1801 620 1840 Odomanticae
650 1805 826 1849 haberet,
872 1804 1005 1840 litterae
1043 1804 1091 1839 ab
1122 1815 1212 1852 rege
1244 1804 1385 1840 Perseo
1415 1816 1484 1852 per

79 1869 264 1918 ignobiles
296 1877 370 1907 tres
402 1871 548 1920 legatos
580 1874 724 1909 traditoe
766 1875 798 1909 εἰ
836 1880 936 1918 sunt,
981 1886 1074 1921 quas
1102 1885 1180 1909 eum
1211 1880 1401 1917 cerneret,
1446 1879 1483 1909 et

79 1939 161 1989 ipse
189 1940 450 1978 inlacrimasse
480 1943 616 1979 dicitur
643 1944 737 1980 sorti
766 1944 952 1987 humanae,
985 1943 1108 1992 quod,
1140 1943 1204 1992 qui
1233 1943 1350 1992 paulo
1382 1950 1481 1988 ante,

77 2141 110 2180 4,
138 2146 156 2173 3
183 2152 225 2173 ex
249 2152 367 2183 persea
405 2148 424 2174 4
452 2145 566 2184 gratiae
592 2144 700 2175 omnis
751 2143 783 2180 5,
814 2142 1013 2174 lfortunam
1039 2133 1479 2185 bperbeneficiissequendo

79 2199 150 2242 My.
173 2199 246 2231 Em.
264 2199 336 2231 593
363 2200 483 2243 (Gr-yn.
514 2201 682 2233 fortunam
716 2201 860 2242 perbene
886 2200 1022 2239 secisse,
1061 2202 1213 2241 quando)
1237 2201 1242 2240 Ι
1264 2201 1356 2232 finito
1383 2202 1480 2232 aliter

76 2256 165 2289 bello
191 2259 361 2297 sequendo
387 2259 482 2290 aliter
508 2259 698 2299 gratulandi
734 2260 912 2299 2egraeciae
938 2269 1094 2290 romanos
1132 2258 1196 2296 6‚1
1225 2260 1265 2290 ab
1292 2269 1431 2290 romano
1457 2263 1476 2289 2

77 2316 206 2355 graeciae
221 2325 328 2355 neque
343 2327 422 2348 cura
435 2317 650 2358 inpensarum
669 2316 740 2358 ilsq.
754 2316 826 2348 Em.
838 2315 909 2348 593
944 2320 962 2347 3
979 2327 1018 2347 ea
1044 2317 1173 2348 misisse
1223 2316 1253 2355 7,
1269 2321 1287 2347 2
1305 2317 1476 2348 tessaliam

75 2376 107 2414 8,
137 2380 150 2408 1
181 2377 284 2408 rodiis
339 2380 357 2407 2
385 2377 571 2416 (superatos
598 2375 631 2405 in
657 2375 761 2406 saltus
787 2374 848 2414 H.)
899 2377 918 2405 3
951 2375 1106 2405 audirent
1135 2373 1232 2406 Gron.
1292 2378 1311 2405 4
1338 2375 1476 2405 rhodios

76 2444 108 2466 u.
139 2433 334 2474 legionem!
368 2433 515 2464 adultam
542 2433 644 2463 aliam
694 2436 711 2464 5
741 2442 894 2474 perseam
952 2431 1013 2470 IV,
1042 2432 1074 2469 1,
1102 2436 1120 2463 3
1147 2433 1336 2464 sestertium
1367 2432 1476 2471 Gron.,

75 2491 148 2524 Em.
163 2491 233 2524 594
253 2503 281 2523 n.
305 2493 310 2531 1
331 2490 419 2522 Alibi
443 2490 556 2522 Livius
581 2491 612 2521 z'n
636 2490 695 2522 hac
719 2502 752 2522 re
777 2491 851 2521 tulit
877 2495 933 2520 aut
956 2489 1070 2520 intulit
1093 2489 1177 2525 dicit,
1199 2491 1256 2521 etsi
1269 2489 1476 2528 A⁷XA⁷V1L

76 2548 135 2586 57,
160 2549 311 2591 1221109.
327 2549 520 2580 rettulisset.
559 2547 590 2585 2,
616 2553 633 2579 2
661 2548 941 2579 Odomantidichae
964 2546 1073 2589 Siyon.
1124 2552 1143 2579 3
1168 2548 1299 2589 legatos
1325 2553 1477 2580 cerneret

76 2605 149 2648 My.
165 2606 238 2639 Em.
253 2606 324 2638 593
344 2605 458 2648 (Gryn.
474 2606 623 2647 haberet,
639 2616 713 2638 cum
739 2606 866 2637 litteras
891 2605 934 2636 ab
960 2614 1039 2646 rege
1053 2605 1176 2637 Perseo
1196 2624 1237 2630 —
1252 2613 1318 2638 tres
1344 2606 1475 2646 legatos

76 2665 240 2705 cerneret)
289 2668 310 2695 4
339 2665 438 2696 sortis
462 2663 528 2696 Ed.
565 2663 694 2695 Vascos.

1152 2721 1214 2756 14*

1517 540 1537 575 01

1512 1729 1534 1764 2

1513 1939 1533 1973 3
