1753 2934
664 142 733 173 Lib.
762 141 869 172 ΧΥ-
879 140 972 172 XIX.

1407 142 1426 176 Ιῦ

1436 145 1455 177 ς’..Ι

646 273 709 305 EX
736 272 822 304 LIB.
850 272 980 304 XVIII.

208 349 333 380 Atilius
355 348 504 387 Regulus
533 350 564 380 in
594 350 708 380 Africa
734 356 921 390 serpenti-ni
949 355 1147 389 portentosae
1175 348 1412 383 magnitudinis
1441 358 1514 380 cum

115 419 239 449 magua
263 409 357 440 clade
382 410 525 442 militum
553 412 692 451 occidit,
730 415 763 441 et
796 419 895 450 quum
931 410 1057 450 aliquot
1086 409 1212 450 proeliis
1245 409 1328 439 bene
1355 410 1514 441 adversus

117 470 411 510 Carthaginienses
436 479 638 511 pugnasset,
675 480 913 510 successorque
947 472 975 502 ei
1006 482 1024 501 a
1056 478 1173 501 senatu
1207 480 1362 511 prospere
1390 471 1514 502 bellum

115 532 242 572 gerenti
261 542 326 562 non
346 532 539 569 mitteretur,
569 533 726 574 idipsum
753 542 811 573 per
836 532 961 562 litteras
989 532 1030 562 ad
1056 539 1207 562 senatum
1235 533 1350 563 missas
1377 540 1515 572 questus

115 603 180 630 est,
212 595 246 624 in
272 594 392 634 quibus
418 594 503 624 inter
530 604 646 624 causas
673 593 806 634 petendi
832 594 1032 624 successoris
1057 599 1140 629 erat,
1179 593 1267 633 quod
1294 593 1421 632 agellus
1446 594 1516 624 eius

115 666 134 685 a
159 656 371 687 mercenariis
404 656 555 686 desertus
590 663 688 686 esset.
744 654 920 692 Qua-rente
958 654 1075 684 deiude
1110 653 1262 691 fortuna,
1298 662 1333 684 ut
1358 664 1515 695 magnum

116 716 286 757 utriusque
319 726 414 747 casus
442 716 631 756 exemplum
665 717 696 746 in
724 717 856 755 Regulo
894 715 1106 756 proderetur,
1144 716 1303 746 arcessito
1330 726 1348 746 a
1376 715 1517 747 Cartha-

115 777 323 816 giniensibus
348 777 546 818 Xanthippo
576 777 908 808 Lacedaemoniorum
936 777 1030 807 duce.
1064 777 1170 806 vietus
1195 775 1314 816 pro-lio
1343 783 1374 807 et
1401 783 1517 818 captus

115 845 173 870 est.
223 839 290 870 Res
315 839 435 870 deinde
462 849 481 869 a
507 840 648 869 oucibus
675 839 835 870 Bouiani>
867 838 1023 869 omnihus
1058 845 1143 868 terra
1177 838 1324 878 marique
1360 848 1517 879 prospere

116 905 229 941 gestus
256 899 529 930 deformaverunt
554 900 730 940 naufragia
755 900 925 930 classium.
974 899 1050 930 Til».
1071 898 1303 930 Coruncanius
1324 901 1450 940 primus
1477 910 1517 930 ex

115 962 210 1003 plebe
247 960 399 1003 pontifex
438 962 604 993 maximus
643 968 771 992 creatus
809 967 868 991 est.
930 961 976 991 M.
1008 960 1226 1001 Sempronius
1262 959 1411 1000 Sophus.
1455 961 1517 992 Μ.

116 1023 271 1055 Valerius
297 1022 466 1053 Maximus
494 1033 646 1054 censores
674 1033 773 1064 quum
802 1029 952 1054 senatum
979 1022 1150 1062 legerent,
1189 1021 1274 1052 XVI
1301 1030 1419 1053 senatu
1445 1033 1518 1054 rno-

116 1090 242 1116 verunt.
294 1085 451 1115 Lustrum
478 1085 711 1122 condiderunt,
739 1093 805 1123 quo
833 1093 931 1114 censa
953 1089 1030 1114 sunt
1055 1084 1175 1114 civium
1195 1084 1303 1124 capita
1323 1073 1518 1116 CCXCVII

115 1144 354 1177 DCCXCVII.
405 1145 555 1184 Regulus
582 1145 700 1176 missus
734 1156 752 1175 a
783 1144 1118 1185 Carthaginiensibus
1143 1145 1184 1175 ad
1211 1151 1380 1183 senatum,
1417 1154 1453 1177 ut
1479 1147 1519 1178 de

114 1216 196 1248 pace
225 1213 267 1244 et,
295 1208 323 1238 si
350 1217 422 1238 eam
448 1216 517 1237 non
542 1213 653 1248 posset
679 1207 868 1247 impetrare,
898 1207 938 1237 de
965 1207 1212 1238 commutandis
1233 1207 1371 1247 captivis
1391 1215 1519 1247 ageret,

114 1268 173 1298 sed
199 1267 269 1298 iure
295 1267 434 1298 iurando
461 1268 659 1305 adstrictus,
691 1268 875 1298 rediturum
907 1277 941 1298 se
970 1266 1230 1307 Carthaginem,
1267 1269 1292 1300 si
1320 1271 1518 1300 commutari

115 1329 261 1370 captivos
286 1339 354 1360 uon
379 1329 570 1370 placuisset,
597 1335 773 1369 utrumque
795 1329 941 1369 negandi
963 1334 1079 1359 auctor
1104 1329 1235 1359 senatui
1261 1328 1334 1369 suit,
1363 1338 1392 1361 et
1419 1341 1518 1371 quum

115 1390 178 1421 fide
204 1391 372 1422 custodita
389 1400 540 1421 reversus
560 1398 659 1426 esset,
685 1390 850 1430 supplicio
867 1400 886 1420 a
903 1390 1235 1429 Carthaginiensibus
1259 1391 1298 1420 de
1326 1400 1365 1421 eo
1387 1398 1520 1433 sumpto

115 1451 223 1492 periit.

664 1543 726 1573 EX
755 1543 842 1574 LIB.
871 1542 967 1574 XIX.

209 1617 363 1650 Coecilius
379 1618 538 1649 Metellus
566 1618 662 1649 rebus
688 1622 844 1651 adversus
869 1620 991 1651 Poenos
1021 1628 1177 1659 prospere
1202 1618 1307 1657 gestis
1330 1620 1519 1660 speciosum

117 1681 185 1719 egit
208 1680 424 1720 triumphum,
449 1678 538 1710 XIII
563 1680 704 1711 ducibus
728 1680 873 1711 hostium
895 1687 927 1711 et
948 1679 1044 1710 CXX
1064 1679 1250 1720 elephantis
1275 1681 1310 1711 in
1334 1690 1373 1712 eo
1399 1682 1518 1714 ductis.

115 1739 276 1772 Claudius
308 1740 455 1772 Pulcher
487 1751 554 1772 cos.
591 1747 706 1772 contra
740 1742 890 1782 auspicia
920 1740 1090 1782 profectus
1124 1741 1220 1771 iussit
1259 1743 1365 1782 mergi
1398 1743 1519 1783 pullos.

115 1803 170 1841 qui
197 1801 301 1832 cibari
326 1802 505 1836 nolebant:
531 1802 710 1834 infeliciter
727 1803 887 1834 adversus
899 1802 1197 1842 Carthaginienses
1216 1802 1322 1834 classe
1346 1805 1518 1845 pugnavit,

116 1867 148 1893 et
170 1867 344 1893 revocatus
370 1873 389 1893 a
415 1870 534 1895 senatu
568 1864 743 1904 iussusque
776 1864 973 1895 dictatorem
999 1865 1128 1901 dicere,
1166 1863 1346 1895 Claudium
1375 1866 1519 1897 Gliciam

115 1924 210 1962 dixit,
239 1925 337 1955 sortis
363 1925 486 1955 ultimae
512 1925 694 1962 hominem,
723 1926 777 1966 qui
804 1931 939 1957 coaetus
955 1925 1111 1956 abdicare
1137 1936 1170 1957 se
1189 1927 1385 1966 magistratu
1403 1934 1519 1969 postea

115 1985 212 2016 ludos
243 1991 459 2026 p1·aetextat11s
483 1986 655 2026 spectavit.
707 1987 749 2017 A.
771 1986 892 2017 Atilius
907 1985 1083 2018 Calatinus
1109 1988 1233 2028 primus
1259 1989 1402 2019 dictator
1426 1994 1520 2019 extra

115 2045 247 2077 Italiam
281 2047 464 2078 exercitum
497 2047 603 2078 duxit.
663 2045 893 2078 Commutatio
932 2049 1134 2088 captivorum
1171 2059 1246 2080 cum
1281 2049 1395 2081 Poenis
1431 2049 1520 2081 facta

115 2112 176 2139 est.
237 2107 387 2139 Coloniae
419 2108 570 2139 deductae
602 2115 680 2139 sunt
714 2110 877 2149 Fregcnae
912 2115 941 2140 et
974 2111 1008 2140 in
1043 2120 1126 2150 agro
1155 2110 1343 2143 Sallentino
1374 2110 1520 2142 Brundi-

114 2169 211 2201 sium,
258 2170 422 2200 Lustrum
448 2180 467 2200 a
494 2170 688 2201 censoribus
715 2171 886 2202 conditum
914 2177 975 2203 est.
1026 2171 1138 2203 Censa
1163 2178 1238 2204 sunt
1263 2172 1383 2203 civium
1410 2172 1519 2213 capita

114 2221 256 2264 CCXI]
287 2230 426 2264 CCXII.
485 2231 644 2267 Claudia,
671 2242 764 2263 soror
796 2232 835 2263 P.
871 2232 1022 2271 Claudii,
1059 2234 1114 2274 qui
1139 2234 1338 2274 contemptis
1363 2234 1521 2275 auspiciis

115 2293 201 2325 male
214 2298 433 2334 pugnaverat,
448 2292 566 2324 aludis
583 2300 753 2325 revertens
771 2303 872 2333 quum
886 2294 985 2324 turba
996 2300 1210 2334 premeretur,
1229 2295 1328 2326 dixit:
1363 2294 1518 2335 „Utinam

115 2352 216 2384 frater
228 2363 321 2384 meus
345 2353 471 2384 vireret
495 2359 524 2384 et
546 2354 664 2385 iterum
691 2355 834 2386 classem
853 2355 1022 2386 duceret.”
1075 2355 1127 2387 Ob
1153 2366 1227 2387 eam
1253 2366 1388 2388 causam
1415 2357 1520 2388 multa

100 2414 145 2458 ‘ei
170 2414 259 2445 dict-a
287 2419 347 2446 est.
389 2414 466 2445 Duo
491 2421 649 2456 praetores
668 2423 747 2447 tune
771 2417 914 2458 primum
934 2417 1035 2448 creat-i
1051 2423 1137 2448 sunt.
1190 2415 1345 2450 Caecilius
1361 2418 1519 2450 Metellus

115 2474 270 2516 pontifex
300 2476 468 2507 maximus
494 2477 538 2508 A.
566 2477 780 2509 Postumium
809 2479 998 2510 consulem.
1033 2479 1192 2518 quoniam
1225 2480 1314 2510 idem
1341 2486 1374 2511 et
1398 2479 1519 2511 flamen

116 2536 284 2568 Martialis
310 2542 391 2575 erat,
426 2547 526 2578 quum
553 2538 581 2569 is
606 2539 647 2569 ad
673 2539 798 2571 bellum
825 2541 1010 2579 gerendum
1035 2540 1202 2580 proficisci
1226 2541 1339 2578 vellet,
1377 2541 1411 2572 in
1437 2541 1518 2572 urbe

116 2598 222 2629 tenuit
253 2608 315 2629 nec
348 2608 467 2640 passus
501 2605 551 2631 est
584 2610 604 2631 a
636 2601 739 2632 saeris
774 2602 940 2632 recedere.
1005 2601 1120 2632 Rebus
1154 2603 1316 2633 adversus
1341 2602 1464 2633 Poenos
1500 2613 1518 2632 a

115 2658 266 2699 pluribus
299 2660 439 2692 ducibus
469 2670 628 2702 prospere
654 2663 777 2702 gestis,
816 2672 979 2694 summam
1013 2663 1161 2694 vietoriae
1187 2662 1224 2694 C.
1256 2663 1410 2695 Lutatius
1436 2672 1519 2695 cos..
