1796 2929
514 107 613 139 Liber
638 105 763 137 XLIII.
817 106 876 146 (A.
905 104 983 137 Chr.
1016 109 1105 144 169.)
1387 113 1459 146 145

111 238 382 282 persequentes
425 229 580 267 effusius
623 230 660 266 in
702 229 838 265 vallem
878 229 1063 266 insessam
1103 231 1151 266 ab
1182 230 1356 266 hostibus
1386 231 1519 278 praeci-

111 302 245 350 pitant.
307 300 366 337 Ibi
398 300 446 336 ad
477 300 577 336 mille
609 298 764 343 occisis,
808 306 958 334 centum
998 299 1117 336 ferme
1159 301 1279 349 captis
1311 307 1347 337 et
1380 301 1519 349 ubique
1551 301 1574 336 5

112 383 293 420 prospere
324 376 433 418 gesta
465 382 517 413 re,
548 382 667 418 prope
696 368 837 405 stativa
868 369 973 416 Appi
1011 377 1138 406 castra
1169 378 1334 415 movent,
1366 383 1412 406 ne
1444 383 1520 418 qua

111 441 168 477 vis
209 439 322 477 sociis
360 439 437 475 suis
478 439 526 474 ab
557 439 733 475 Romano
775 438 941 474 exercitu
984 438 1114 475 inferri
1158 440 1290 487 possit.
1355 441 1518 489 Appius,
1551 442 1573 477 6

110 509 363 558 nequicquam
398 509 433 544 in
464 508 521 544 his
553 508 794 544 Iociste1·ens
826 515 995 555 tempus,
1045 508 1209 544 dimissis
1242 508 1520 557 Chaonumque

111 586 147 616 et
177 579 208 615 si
240 578 303 626 qui
337 577 400 614 alii
430 578 600 626 Epirotae
631 584 739 613 erant
772 577 981 625 praesidiis,
1028 589 1112 613 eum
1156 578 1300 614 Italicis
1339 579 1519 615 militibus

111 648 147 685 in
179 648 369 697 Illyricum
404 659 618 695 regressuS,
659 659 727 695 per
756 646 1028 683 Parthinorum
1070 649 1194 684 socias
1233 649 1345 685 urbes
1384 650 1420 685 in
1460 650 1519 685 hi-

111 719 230 754 berna
271 716 450 752 militibus
491 716 643 762 divisis,
694 717 775 765 ipse
813 718 977 754 Romam
1029 718 1204 754 sacrificii
1243 730 1361 755 causa
1398 719 1520 755 rediit.

110 787 275 824 Perseus
310 799 357 823 ex
382 787 633 822 Penestarum
666 793 778 834 gente
809 786 909 822 mille
939 787 1106 834 pedites,
1139 786 1204 824 CC
1234 789 1379 836 equites
1411 801 1519 825 revo-
1554 786 1573 819 7

111 862 218 893 catos
264 854 559 899 Cassandream,
609 855 786 902 praesidio
833 863 872 891 ut
917 863 1055 900 essent,
1104 858 1216 893 misit.
1283 859 1346 894 Ab
1378 857 1519 894 Gentio
1553 854 1575 889 8

112 926 242 962 eadem
286 924 501 961 adferentes
541 925 744 963 rediet-unt.
832 925 915 961 Neo
953 925 1088 961 deinde
1127 927 1223 963 alios
1263 928 1389 975 adque
1427 927 1522 963 alios

111 995 294 1032 mittendo
325 1002 513 1044 temptare
543 1007 627 1031 eum
651 994 804 1039 destitit,
838 1007 921 1032 cum
948 1003 1164 1043 appareret,
1195 1004 1378 1044 quantum
1409 998 1446 1034 in
1478 1011 1523 1035 eo

110 1065 277 1113 praesidii
308 1072 426 1110 esset,
457 1077 525 1101 nee
556 1072 683 1100 tamen
714 1063 922 1112 impetrare
953 1065 1000 1100 ab
1034 1065 1161 1102 animo
1193 1074 1344 1114 posset,
1387 1074 1425 1103 ut
1466 1068 1523 1103 in-

111 1147 267 1184 pensam
303 1135 340 1171 in
371 1148 449 1172 rem
482 1135 640 1172 maximi
671 1134 719 1170 ad
751 1134 879 1170 omnia
909 1135 1091 1171 momenti
1122 1134 1278 1175 faceret.

111 1319 130 1345 4
155 1313 660 1355 p1·aecipitantibusidemoccisis
695 1312 784 1343 Fort.
814 1312 1035 1354 praeeipitant.
1087 1314 1116 1344 E
1134 1314 1256 1354 quibus
1274 1315 1322 1345 illi
1343 1315 1432 1347 mille
1490 1315 1522 1350 5.

115 1376 126 1403 l
158 1372 245 1413 capti
273 1370 394 1413 (Gryn.
424 1371 541 1411 captis,
568 1369 708 1410 ubique)
759 1374 777 1400 3
808 1369 931 1400 infert-e
992 1369 1024 1407 6,
1052 1373 1070 1400 2
1097 1371 1300 1412 nequiquam
1324 1372 1329 1412 1
1353 1371 1441 1404 Fort.
1473 1374 1523 1404 di-

112 1430 222 1461 missis
248 1429 516 1469 Thesprotorum
548 1426 792 1468 Chaonumque
826 1426 895 1458 coll.
929 1438 955 1458 c.
991 1427 1046 1465 21,
1074 1427 1105 1458 4.
1157 1431 1176 1458 3
1201 1430 1355 1469 praesidis
1404 1434 1423 1460 4
1450 1441 1526 1472 par-

112 1487 276 1518 teniorum
304 1484 414 1527 Sigon.
444 1484 561 1526 (Gryn.
585 1484 818 1524 Pau-tinorum)
870 1489 886 1515 5
916 1484 1064 1516 dimissis
1089 1485 1162 1516 Ant.
1192 1485 1379 1517 Perizonius
1407 1489 1409 1506 ⁴
1439 1488 1527 1519 redit

110 1544 144 1582 8,
176 1547 188 1574 l
219 1544 259 1574 ad
287 1543 403 1583 gentio
454 1547 471 1573 2
499 1543 690 1573 adserentes
747 1546 766 1572 3
794 1542 1005 1581 mittendos!
1028 1551 1099 1573 eam
1128 1543 1256 1574 destitit

246 1599 373 1631 Finitm·
411 1598 487 1630 liber
513 1598 579 1640 fid.
615 1598 682 1630 101
711 1599 835 1640 payina
868 1597 1017 1630 adversa.
1083 1598 1147 1630 Ιηιί
1170 1598 1255 1641 folii
1285 1611 1366 1642 pars
1403 1600 1526 1633 desecta

111 1665 164 1689 est.
226 1656 422 1699 Subscriptio
456 1657 487 1688 z'n
515 1656 638 1698 paqt'na
675 1668 789 1688 aversa
814 1657 1037 1698 spatiosissime
1062 1657 1181 1698 scripta
1208 1664 1268 1688 est:

376 1724 448 1747 τιτι
476 1725 546 1746 mm

376 1783 416 1804 AB
445 1782 535 1804 URBE
560 1782 711 1805 cownt'm

376 1839 442 1861 Lm.
470 1837 567 1861 xmu·
594 1839 755 1862 ssvPLtct‘r

379 1896 442 1918 Lm.
470 1895 569 1918 xmnt

378 1953 563 1976 Fssmct‘rssn

111 2002 171 2032 ima
186 2008 281 2042 parte
299 2000 470 2032 litterarum
496 2010 608 2033 Peme}
640 1998 775 2030 desecta.

144 2674 239 2697 Livius
257 2681 288 2697 ex
311 2681 351 2696 re«¹
380 2674 513 2704 Madvigii
562 2675 621 2699 VH.
1221 2672 1255 2695 ic
