1753 2934
470 138 570 168 Liber
594 136 700 168 XLV.
753 138 814 171 (A.
841 135 919 166 Chr.
953 136 1043 175 168.)
1349 137 1426 172 209

85 261 244 297 tabellas
269 261 410 309 populo
441 261 617 299 ostendit.
677 259 824 306 Quibus
855 260 1088 308 conspectiS.
1118 265 1272 307 repente
1300 258 1486 294 inmemor
1517 259 1539 294 8

85 331 290 378 spectaculi
321 330 483 378 populus
526 331 562 366 in
601 330 763 366 medium
794 330 972 367 decurrit.
1049 330 1107 366 Eo
1144 336 1316 365 senatum
1355 327 1486 363 consul

85 401 250 444 vocavit,
280 400 522 447 recitatisque
554 400 728 444 tabellis,
763 412 810 436 ex
845 399 1071 435 auctoritate
1101 406 1250 447 patrum
1291 409 1362 446 pro
1392 397 1486 433 foris

85 470 245 519 publicis
275 470 510 506 denuntiavit
540 470 707 518 populo,
738 471 782 506 L.
801 469 1000 507 AEmilium
1033 469 1216 517 collegam
1250 469 1366 516 signis
1396 480 1487 504 con-

85 540 170 576 latis
200 552 284 575 cum
316 551 405 587 rege
435 541 579 576 Perseo
610 552 821 588 pugnasse;
865 539 1120 576 Macedonum
1165 539 1370 574 exercitum
1417 550 1486 573 cae-

85 622 166 646 sum
211 609 431 657 fusumque;
474 623 601 659 regem
648 623 732 647 cum
766 610 897 658 paucis
939 609 1102 658 fugisse;
1143 609 1316 645 civitates
1357 621 1487 645 omnes

84 679 322 716 Macedoniae
356 681 392 716 in
426 681 613 717 dicionem
645 680 774 729 populi
806 680 969 716 Romani
1003 681 1163 716 venisse.
1233 680 1305 716 His
1336 680 1487 716 auditis.

85 749 229 785 clamor
257 762 341 785 cum
370 749 509 797 ingenti
546 751 681 799 plausu
713 757 836 787 ortus:
867 750 964 786 ludis
993 750 1152 786 relictis.
1183 750 1318 785 domus
1349 762 1490 797 magna

84 832 174 868 pars
203 821 398 856 hominum
437 821 484 855 ad
517 821 697 869 coniuges
736 821 946 868 liberosque
985 819 1109 856 laetum
1149 822 1318 857 nuntium
1354 827 1488 868 porta-

85 890 187 927 bant.
254 872 407 926 'sertius
437 890 604 926 decimus
650 891 730 927 dies
773 898 854 927 erat
893 891 941 926 ab
973 903 1041 928 eo,
1087 903 1162 938 quo
1192 890 1230 926 in
1260 890 1490 926 Macedonia

84 966 292 1008 pugnatum
324 967 392 996 est.

194 1031 357 1066 Postero
388 1030 447 1066 die
488 1035 641 1067 senatus
681 1032 717 1067 in
752 1031 857 1067 curia
897 1031 1071 1073 habitus,
1116 1030 1490 1078 supplicationesque

84 1100 243 1136 decretae
264 1106 301 1136 et
321 1107 474 1136 senatus
496 1101 708 1137 consultum
739 1100 880 1136 factum
909 1107 977 1145 est,
1010 1107 1052 1136 ut
1081 1100 1225 1141 consul,
1256 1113 1364 1148 quos,
1393 1114 1492 1149 prae-

85 1176 142 1206 ter
170 1170 307 1206 milites
337 1171 539 1219 sociosque
580 1171 760 1214 navales,
800 1170 1019 1206 coniuratos
1054 1171 1232 1210 haberet,
1267 1171 1490 1216 dimitterem

85 1241 131 1277 de
168 1240 348 1277 militibus
392 1241 582 1288 sociisque
621 1241 822 1277 navalibus
859 1241 1091 1277 dimittendis
1138 1240 1362 1286 referretur,
1406 1254 1491 1278 cum

85 1311 200 1359 legati
235 1312 283 1347 ab
314 1311 358 1347 L.
389 1312 552 1348 AEmilio
584 1311 761 1355 consule,
805 1324 828 1346 a
859 1310 995 1358 quibus
1025 1312 1242 1359 praemissus
1270 1312 1492 1348 tabellarius

86 1388 196 1420 esset,
224 1383 409 1417 venissent.
472 1383 576 1418 Ante
607 1381 705 1417 diem
736 1388 885 1417 sextum
916 1381 1005 1417 Kal.
1036 1380 1224 1418 Octobres
1273 1383 1369 1418 hora
1412 1382 1493 1419 fere

87 1450 254 1486 secunda
295 1450 410 1498 legati
446 1453 576 1488 urbem
618 1452 777 1498 ingressi
816 1458 915 1490 sunt.
974 1452 1171 1498 Ingentem
1203 1464 1329 1488 secum
1361 1465 1492 1489 oecur-

88 1520 264 1564 rentium,
295 1533 535 1569 quacumque
554 1522 672 1561 ibant,
702 1521 1091 1569 prosequentiumque
1107 1523 1299 1558 trahentes
1329 1524 1493 1568 turbam,

90 1590 128 1626 in
157 1590 279 1627 forum
314 1591 361 1627 ad
395 1591 556 1626 tribunal
579 1593 751 1639 proetoris
772 1592 854 1628 urb.
886 1599 1147 1639 perrexerunt.
1198 1592 1361 1629 Senatus
1393 1593 1494 1630 forte

89 1660 127 1696 in
157 1661 262 1697 curia
293 1667 393 1705 erat3
425 1674 469 1696 eo
500 1661 649 1708 legatos
680 1661 812 1697 consul
842 1662 1065 1700 introduxit.
1129 1662 1189 1698 Ibi
1219 1669 1365 1699 tantum
1399 1670 1494 1700 tem-

89 1731 194 1779 poris
222 1731 378 1774 retenti,
423 1731 510 1767 dum
547 1737 804 1779 exponerent,
851 1739 1003 1779 quantae
1032 1732 1146 1780 regiae
1177 1733 1295 1780 copiae
1324 1733 1493 1782 peditum

90 1801 334 1849 equitumque
362 1800 545 1845 fuissent,
591 1808 685 1849 quot
713 1801 818 1837 milia
851 1814 898 1837 ex
928 1802 986 1838 his
1017 1815 1136 1847 caesa,
1168 1810 1261 1850 quot
1290 1811 1404 1852 capta
1433 1804 1495 1840 fo-

90 1877 194 1915 rentg
239 1883 353 1918 quam
392 1884 604 1919 paucorum
648 1871 807 1906 militum
837 1871 986 1908 iactura
1018 1879 1126 1908 tanta
1155 1874 1319 1910 hostium
1347 1881 1494 1923 strages

90 1939 215 1985 facta,
261 1953 374 1988 quam
419 1941 559 1989 pavide
602 1954 671 1977 rex
715 1940 895 1989 fugisset3
942 1942 1153 1979 existimari
1190 1943 1496 1981 Samothraciam

90 2010 315 2058 petiturum3
360 2019 536 2060 paratam
582 2011 743 2047 classem
789 2011 839 2047 ad
878 2013 1183 2061 persequendum
1228 2026 1330 2058 esse;
1373 2027 1497 2062 neque

89 2086 192 2116 terra
207 2093 330 2128 neque
346 2082 442 2118 mari
473 2081 573 2118 elabi
603 2094 728 2131 posse.
774 2082 923 2118 Eadem
953 2083 1034 2119 haee
1062 2083 1193 2131 paullo
1223 2090 1311 2132 post
1340 2084 1378 2120 in
1405 2097 1496 2121 con-

91 2305 110 2332 3
135 2303 425 2344 populosostendit
473 2302 506 2340 8,
534 2306 553 2333 3
580 2303 758 2333 uocabitur
805 2303 859 2339 10,
888 2307 906 2334 2
933 2304 1071 2345 plausus
1109 2309 1128 2335 3
1154 2306 1276 2338 liberos
1301 2306 1416 2338 laetum
1453 2307 1498 2345 Π,

90 2365 130 2409 1,
156 2375 175 2402 2
210 2377 329 2403 senatu
356 2360 384 2403 c.
410 2371 536 2403 factum
567 2370 569 2397 i
593 2372 748 2403 eonsules
813 2377 832 2404 3
860 2373 1052 2405 coniuratus
1073 2376 1075 2400 ὲ
1097 2375 1285 2406 demitteret
1346 2376 1378 2412 2,
1409 2381 1423 2408 1
1444 2388 1499 2408 so-

92 2430 204 2469 cisque
225 2430 230 2468 Ι
252 2430 447 2461 dimittentis
506 2433 525 2460 2
552 2430 709 2461 consules
758 2434 777 2461 3
811 2437 898 2462 esset
922 2433 964 2462 ad
996 2441 1042 2461 ιιι·
1067 2432 1133 2464 kal.
1161 2439 1225 2465 oct.
1254 2433 1363 2476 Siqon.
1419 2435 1452 2471 3,
1479 2439 1499 2467 3

92 2487 276 2518 trahentem
319 2492 339 2517 4
356 2488 390 2517 in
414 2486 522 2518 forum
549 2494 584 2518 at
609 2488 681 2519 urbi
707 2495 927 2529 perrexerunt
953 2489 1024 2530 My.
1040 2489 1113 2522 Em.
1131 2489 1203 2522 592
1228 2491 1348 2534 (Gryn.
1377 2494 1418 2523 ad
1442 2494 1500 2524 tri-

89 2544 194 2576 buna]
218 2545 368 2585 perrex.)
432 2544 466 2585 4,
494 2548 512 2575 3
547 2550 673 2586 quartae
700 2546 820 2586 (copiae
847 2547 946 2577 omitti
968 2547 1077 2579 Hertz.
1112 2549 1290 2590 siynrficat)
1363 2555 1382 2581 4
1409 2552 1500 2591 quod

91 2602 200 2633 millia
220 2603 225 2641 Ι
247 2603 326 2642 quid
352 2608 451 2644 capta
477 2601 628 2634 solentur
676 2603 708 2641 5,
732 2608 749 2634 2
778 2614 877 2644 quam
903 2606 1000 2646 pauci
1026 2615 1087 2637 rex
1111 2606 1182 2648 My.
1203 2606 1275 2639 Em.
1290 2606 1363 2639 592
1379 2608 1499 2651 (Gryn

92 2668 192 2699 quam
218 2670 292 2690 cum
318 2661 435 2702 paucis
460 2661 538 2697 rex)
561 2661 566 2702 Ι
588 2662 825 2693 samotraciam

127 2726 224 2752 Livius
239 2734 274 2753 ex
293 2735 345 2755 rec
362 2728 506 2759 Madvigii.
543 2729 606 2754 Vn.
1197 2726 1238 2753 14

1522 678 1568 712 10

1524 889 1565 923 11
