1753 2934
616 612 944 660 PRAEFATIO

466 734 524 774 Ιο.
562 728 778 774 Nlcom1
817 726 1090 771 MADVIGH.

186 894 252 954 Ad
294 917 566 954 absolvendam
598 917 698 953 Livii
739 916 939 952 editionem
976 914 1101 957 libris,
1141 913 1202 961 qui
1244 912 1381 961 integri
1417 920 1482 949 aut

73 986 181 1023 paene
212 974 348 1021 integri
378 980 599 1022 supersunt.
640 972 901 1019 subiungimus
932 970 1148 1018 fragmenta
1175 968 1378 1010 librorum,
1419 969 1483 1016 qui

73 1030 366 1073 interciderunt,
417 1036 453 1064 et
493 1028 658 1063 omnium
699 1027 910 1075 periochas,
954 1025 1034 1061 sive
1073 1025 1259 1072 epitomas
1290 1023 1485 1071 appellare

75 1085 158 1133 quis
177 1085 333 1122 mavult.
393 1083 729 1125 Dubitaveramus,
750 1095 796 1117 an
817 1082 928 1117 etiam
952 1080 1110 1116 indicem
1129 1079 1322 1115 hominum
1341 1092 1485 1114 rerum-

76 1152 150 1188 que
194 1139 295 1188 apud
343 1139 491 1175 Livium
538 1145 922 1174 commemoratorum
967 1136 1257 1177 subiiceremnffi
1304 1146 1414 1181 quem
1446 1134 1483 1169 in

74 1194 210 1231 Clerici
244 1194 407 1230 editione
438 1194 676 1233 inchoatum,
716 1206 738 1228 a
772 1191 953 1229 Creverio
985 1199 1019 1227 et
1047 1189 1365 1226 D1·akenl·›ors·hi0
1397 1202 1486 1225 auc-

73 1256 151 1286 tum
179 1258 215 1286 et
233 1249 486 1291 emendatum,
507 1248 766 1296 Kreyssigius,
788 1246 1135 1288 Weissenbornius,
1157 1245 1220 1281 alii
1241 1245 1483 1292 repetierunt.

72 1305 209 1341 Visum
242 1312 297 1341 est
315 1304 483 1340 molestae
514 1316 638 1351 operae
658 1303 828 1347 multum,
851 1302 1020 1338 utilitatis
1039 1314 1171 1349 parum
1190 1299 1285 1341 fore,
1315 1300 1345 1335 si
1364 1300 1484 1335 indice

74 1367 149 1397 tam
181 1360 336 1408 copioso
368 1359 583 1395 recudendo
614 1358 815 1393 voluminis
854 1365 889 1393 et
922 1357 1070 1405 pondus
1111 1365 1145 1391 et
1176 1355 1337 1403 pretium
1372 1367 1485 1403 auge-

74 1428 213 1452 remus.
233 1428 346 1463 quum
361 1415 579 1462 praesertim⁷
603 1414 664 1460 qui
683 1413 762 1449 eius
776 1426 883 1449 usum
903 1425 984 1449 eum
1004 1419 1134 1448 nostra
1153 1411 1317 1446 editione
1331 1411 1486 1446 coniun-

76 1483 166 1519 gere
182 1471 333 1509 vellent,
356 1469 534 1506 facillime
551 1469 755 1517 separatim
775 1481 858 1504 eum
882 1480 1106 1516 comparare
1124 1474 1290 1515 possent.
1349 1466 1487 1513 Itaque

76 1526 302 1574 fragmentis
339 1533 373 1560 et
415 1525 603 1572 periochis
641 1524 733 1559 nihil
778 1524 983 1559 adiecimus
1033 1522 1102 1558 nisi
1142 1534 1291 1563 eorum,
1332 1533 1415 1568 quae
1450 1521 1488 1556 in

77 1581 310 1629 singularum
342 1580 615 1628 particularum
657 1578 943 1627 praefationibus
976 1578 1029 1613 ita
1060 1583 1360 1612 commemorata
1389 1584 1488 1620 sunt,

79 1644 119 1672 ut
149 1636 269 1684 possit
299 1635 436 1683 aliquis
467 1647 512 1670 ea
529 1635 721 1670 memoriae
751 1635 910 1670 obscure
941 1632 1185 1670 obversantia
1218 1644 1398 1678 quaerere,
1428 1631 1488 1667 in-

77 1691 255 1727 diculum.

189 1747 444 1794 Fragmenta.
493 1757 576 1793 quae
608 1743 867 1792 appellantur,
909 1742 1179 1792 perdiligenter
1214 1754 1336 1788 nuper
1365 1740 1489 1788 perlu-

76 1801 213 1838 stravit
231 1801 418 1837 Martinus
443 1797 682 1843 Hertzius¹).,
715 1799 789 1834 alia
820 1811 865 1834 ex
897 1799 1028 1834 ordine
1059 1796 1206 1836 tollens,
1237 1796 1311 1831 alia
1333 1796 1489 1839 addens,

77 1857 183 1893 cuius
214 1857 380 1892 rationes
411 1856 475 1892 ubi
506 1857 713 1904 probamus
742 1854 860 1901 (quod
890 1855 927 1889 in
958 1854 1149 1902 plerisque
1177 1850 1247 1899 fit).
1277 1852 1368 1887 nihil
1392 1863 1488 1899 opus

78 1919 133 1948 est
175 1911 235 1947 hic
275 1911 360 1946 dici.
433 1911 546 1957 Quod
585 1918 711 1945 tamen
743 1908 939 1945 Charisius
985 1917 1048 1944 aut
1080 1907 1230 1943 Nonius
1271 1906 1490 1954 frequenter

79 1973 145 2003 aut
183 1967 310 2002 multis
350 1965 442 2002 locis
485 1966 586 2014 apud
618 1965 766 2001 Livium
813 1965 957 2012 aliquid
989 1963 1145 2011 reperiri
1190 1962 1337 1999 scribit.
1387 1961 1490 2009 quod

78 2022 191 2058 etiam
238 2022 274 2057 in
316 2021 421 2057 libris
461 2021 622 2057 servatis
663 2027 799 2061 exstat,
843 2020 1144 2068 fragmentorum
1191 2030 1388 2053 numerum
1431 2016 1489 2052 his

77 2077 303 2113 testimoniis
336 2089 475 2124 angere
505 2076 714 2116 noluimus,
758 2087 826 2110 nec
857 2076 977 2123 magis·
1009 2087 1028 2110 e
1060 2073 1279 2111 cassiodori
1311 2072 1489 2108 chronico

77 2133 139 2168 hic
170 2132 347 2180 ponenda
377 2132 649 2175 iudicavimus,
680 2142 762 2178 quae
794 2143 813 2165 e
844 2131 942 2166 Livii
973 2129 1077 2165 libris
1107 2128 1269 2176 repetita
1298 2128 1379 2163 iure
1409 2140 1488 2162 cre-

79 2187 229 2231 duntur,
279 2187 431 2223 nomine
475 2195 601 2223 tamen
648 2186 727 2221 eius
770 2198 923 2232 presso.
969 2198 1082 2233 qnam
1129 2196 1212 2231 quae
1252 2183 1354 2231 apud
1394 2182 1489 2218 alios

78 2243 282 2291 scriptores
317 2243 506 2290 permulta
537 2255 557 2278 e
589 2241 687 2277 Livii
717 2240 821 2276 libris
852 2241 1024 2277 derivata
1054 2239 1240 2287 suspicari
1273 2250 1489 2287 possumus.

78 2298 299 2334 Priscianus
329 2297 475 2334 XVIII
507 2301 524 2342 ξ
555 2299 630 2333 292
664 2309 700 2344 p.
730 2297 832 2332 1208
864 2297 909 2332 P.
939 2309 1013 2331 non
1044 2297 1196 2331 assertio
1225 2294 1388 2342 scripsit,
1423 2293 1490 2329 sed

78 2355 196 2389 asseri
226 2353 343 2400 (quod
375 2354 577 2401 exponitur
608 2352 733 2398 trahi),
763 2351 867 2387 locos
898 2352 1116 2400 significans
1136 2348 1490 2386 aWeissenbornio

78 2408 265 2444 indicatos
297 2408 401 2453 (add.
431 2409 507 2454 ΙΙΙ,
541 2411 603 2451 45,
636 2409 675 2453 2)
717 2414 753 2442 et
782 2405 945 2443 fortasse
980 2406 1084 2443 alios.
1149 2406 1210 2441 De
1240 2405 1374 2441 ceteris
1405 2416 1490 2452 per-

78 2476 204 2512 pauca
234 2463 413 2500 dicemus.

114 2602 144 2647 ²)
170 2604 222 2634 De
258 2604 298 2635 T.
326 2604 411 2634 Livii
452 2603 650 2643 fragmentis
683 2602 979 2633 commentationis
1004 2602 1120 2642 partie.
1146 2602 1163 2633 I
1189 2607 1222 2633 et
1246 2602 1291 2633 11.
1358 2600 1490 2632 Vratis-

169 2650 266 2682 laviae
295 2653 382 2681 1864
409 2651 459 2689 (in
483 2651 551 2680 ind.
579 2649 725 2681 scholar.
753 2650 848 2680 acad.
874 2649 1039 2688 Vratisl.).
