1753 2934
214 991 233 1025 tc)

217 2048 234 2081 *l

763 642 942 692 Liber
999 640 1158 692 XLV.

378 850 557 886 Victoriae
588 849 726 893 nuntii,
760 849 805 896 Q.
828 849 972 885 Fabius
1004 855 1039 884 et
1070 848 1112 885 L.
1134 847 1314 884 Lentulus
1345 855 1380 884 et
1410 848 1456 895 Q.
1476 849 1663 895 Metellus,

266 927 410 969 quanta
439 920 563 969 potuit
595 919 765 956 adhiberi
797 918 1000 959 festinatio,
1030 918 1200 954 celeriter
1231 919 1392 954 Romam
1424 931 1507 954 cum
1539 919 1661 955 venis-

267 998 368 1035 sent,
398 997 624 1038 praeceptam
657 997 782 1026 tamen
813 989 891 1025 eius
934 989 987 1024 rei
1018 988 1184 1024 laetitiam
1219 989 1453 1027 invenerunt.
1515 988 1664 1036 Quarto

266 1068 352 1110 post
383 1061 463 1103 die,
509 1072 622 1107 quam
655 1073 737 1096 cum
769 1072 857 1108 rege
887 1066 942 1095 est
977 1066 1205 1107 pugnatum,
1250 1070 1332 1095 cum
1377 1058 1413 1093 in
1455 1058 1555 1095 circo
1584 1058 1664 1094 ludi

266 1132 420 1175 fierent,
452 1142 620 1165 murmur
651 1138 804 1178 repente
834 1130 963 1178 populi
992 1136 1072 1165 tota
1101 1128 1318 1177 spectacula
1349 1129 1536 1177 pervasit,
1565 1141 1663 1178 pug-

265 1207 395 1236 natum
441 1200 478 1235 in
510 1199 738 1235 Macedonia
768 1207 804 1235 et
834 1200 1021 1236 devictum
1052 1212 1176 1248 regem
1209 1211 1301 1235 esse.
1363 1198 1460 1235 Dein
1492 1198 1664 1235 fremitus

267 1270 444 1314 increvit;
475 1278 667 1318 postremo
695 1269 839 1305 clamor
868 1270 1117 1318 plaususque,
1159 1269 1261 1305 velut
1292 1276 1393 1305 certo
1425 1269 1554 1305 nuntio
1585 1269 1663 1304 vic-

266 1341 371 1377 toriae
398 1340 528 1384 allato,
561 1348 615 1376 est
647 1346 813 1376 exortus.
877 1339 1011 1375 Mirari
1041 1339 1283 1387 magistratus
1313 1346 1348 1374 et
1379 1351 1545 1386 quaerere
1575 1350 1664 1374 auc-

267 1417 386 1446 torem
418 1410 622 1459 repentinae
650 1408 798 1444 laetitiae.
868 1409 942 1456 Qui
979 1415 1180 1457 postquam
1213 1408 1335 1444 nullus
1369 1415 1470 1452 erat,
1512 1408 1665 1444 evanuit

268 1481 420 1529 quidem
453 1488 633 1528 tanquam
668 1485 778 1516 certae
807 1478 861 1514 rei
889 1478 1092 1527 gaudium3
1140 1491 1249 1514 omen
1288 1486 1413 1514 tamen
1451 1477 1575 1514 laetum
1606 1478 1666 1514 in-

267 1550 417 1586 sidebat
446 1550 591 1586 animis.
655 1549 767 1596 Quod
809 1555 1011 1596 postquam
1052 1549 1152 1585 veris
1187 1549 1325 1585 nuntiis
1356 1549 1454 1584 Fabi
1495 1548 1665 1585 Lentuli-

268 1633 340 1668 que
371 1629 407 1656 et
436 1620 580 1656 Metelli
609 1619 772 1655 adventu
804 1620 991 1654 firmatum
1023 1625 1100 1664 est,
1139 1632 1222 1656 cum
1253 1617 1413 1655 victoria
1442 1619 1546 1667 ipsa,
1585 1626 1662 1655 tum

269 1691 428 1739 augurio
460 1690 670 1726 animorum
701 1701 854 1724 suorum
886 1688 1121 1725 laetabantur.
1199 1688 1248 1725 Et
1279 1688 1353 1724 alia
1394 1689 1554 1725 traditur
1590 1689 1663 1725 cir-

269 1761 390 1798 censis
422 1761 541 1796 turbae
570 1772 645 1795 non
676 1760 798 1795 minus
829 1759 958 1795 similis
989 1759 1067 1795 veri
1098 1759 1236 1794 laetitia.
1296 1761 1397 1795 Ante
1428 1759 1525 1796 diem
1557 1759 1664 1807 quin-

268 1839 347 1867 tum
379 1831 564 1867 decimum
595 1831 645 1868 Κ.
678 1829 877 1874 Octobres,
907 1829 1079 1865 ludorum
1103 1830 1362 1865 Romanorum
1394 1829 1558 1865 secundo
1592 1830 1665 1875 die,

270 1900 313 1940 C.
345 1901 489 1937 Licinio
521 1901 683 1944 consuli,
723 1900 771 1936 ad
802 1899 1006 1947 quadrigas
1037 1899 1238 1935 mittendas
1269 1899 1501 1944 escendenti,
1545 1900 1664 1936 tabel-

269 1971 398 2014 lariuS,
430 1971 494 2019 qui
524 1983 564 2007 se
593 1983 640 2007 ex
669 1970 898 2007 Macedonia
927 1969 1055 2005 venire
1085 1968 1246 2014 diceret,
1290 1970 1480 2006 laureatas
1521 1969 1664 2006 litteras

270 2042 469 2077 reddidisse
498 2041 644 2077 dicitur.
705 2040 909 2088 Quadi-igis
940 2039 1075 2084 missis,
1105 2040 1235 2075 consul
1264 2051 1413 2076 currum
1437 2040 1665 2085 conscendit,

271 2119 309 2148 et
339 2125 423 2147 cum
455 2124 522 2160 per
552 2111 690 2148 circum
722 2111 964 2147 reveheretur
1005 2109 1053 2145 ad
1092 2108 1196 2145 foros
1239 2110 1432 2158 publicos,
1475 2109 1666 2146 laureatas

271 2260 296 2298 1,
335 2261 366 2297 1,
398 2263 410 2290 l
458 2259 534 2291 Tres
566 2258 662 2300 primi
697 2269 802 2289 versus
839 2258 931 2288 rubro
972 2255 1072 2287 colore
1106 2257 1215 2297 scripti
1250 2262 1327 2287 sunt.
1397 2260 1414 2286 2
1447 2256 1664 2297 adhibet-ique

272 2323 290 2350 3
328 2325 529 2358 praeceptum
563 2316 693 2358 Kreyss.
737 2317 852 2358 (Gryn.
887 2314 1121 2356 praecerptam)
1175 2314 1206 2352 2,
1234 2318 1252 2345 4
1279 2315 1506 2345 macedoniam
1570 2313 1608 2350 3,
1644 2317 1663 2344 2

278 2387 375 2429 Gryn.
403 2387 567 2418 increbuit
602 2387 606 2425 i
639 2386 776 2427 plausus
810 2385 904 2416 uelut
965 2383 1004 2422 4,
1042 2387 1054 2414 1
1093 2383 1221 2424 quirere
1285 2387 1303 2414 3
1339 2384 1490 2424 equidem
1513 2383 1517 2423 Ι
1540 2372 1664 2415 insimi-

275 2445 377 2476 dcbat
430 2445 461 2481 5,
490 2448 501 2474 1
531 2444 726 2484 lemtulique
776 2447 794 2473 ‘2
823 2444 1004 2474 aduentum
1069 2440 1106 2478 6,
1146 2444 1158 2472 1
1188 2447 1219 2472 ct
1243 2440 1536 2480 alitteredituscum
1564 2442 1665 2473 tensis

272 2520 391 2545 turmae
419 2523 484 2544 non
513 2514 609 2555 (ἰν-μη.
637 2519 665 2544 et
693 2511 763 2554 My.
791 2512 883 2552 (alia)
909 2511 981 2543 Em.
1007 2510 1074 2543 591
1134 2514 1152 2541 2
1179 2521 1208 2542 a.
1229 2500 1299 2542 d.u
1326 2520 1359 2541 x·
1387 2511 1448 2564 (ir
1473 2511 1500 2550 'f)
1525 2521 1546 2543 κ
1572 2517 1664 2542 octo-

271 2585 383 2617 brium
411 2583 538 2615 Manat.
586 2584 698 2625 (Gr-yn.
726 2583 767 2613 ad
793 2593 815 2612 x
841 2581 981 2614 Calend.
1005 2580 1145 2620 Octob.)
1196 2585 1214 2611 4
1242 2559 1432 2611 extendenti
1465 2580 1580 2622 (Gryn.
1607 2589 1664 2611 ex·

269 2645 455 2681 scendenti)
505 2647 522 2674 5
556 2643 684 2673 litteras
707 2642 826 2672 dicitur
848 2640 961 2682 (Gryn.
989 2650 1055 2670 cum
1079 2638 1217 2679 stellula)
1245 2637 1351 2681 Siyon.
