1753 2934
182 377 190 409 l
205 380 225 407 l}

181 513 189 545 l

182 858 224 892 13

182 1141 188 1172 1

209 513 217 544 l

204 1145 220 1173 ⁴

203 1562 223 1595 10

314 112 390 147 236
662 109 763 139 Liber
788 108 896 139 XLV.
962 110 1019 148 (A.
1048 119 1078 140 u.
1107 120 1135 141 c.
1165 111 1257 148 587.)

257 231 406 268 nostris.
437 238 471 266 et
492 230 549 272 iis,
571 242 678 277 quos,
711 238 751 266 ut
773 232 1006 268 traderemus
1028 234 1148 277 vobis,
1170 234 1409 270 adduximus.
1460 233 1501 269 Si
1521 245 1652 270 omnes

258 301 394 338 Rhodii
425 312 531 347 aeque
561 300 665 336 noxii
696 313 876 342 essemus,
907 303 1009 350 quod
1038 310 1206 340 nostrum
1237 304 1274 339 in
1299 305 1371 340 hoe
1390 303 1489 339 bello
1512 303 1651 339 crimen

258 369 383 406 esset?
441 371 573 406 Persei
613 371 784 419 partibus
826 372 991 409 favimus
1029 382 1083 410 et.
1123 373 1440 421 quemadmodum
1473 372 1653 409 Antiochi

257 440 499 488 Philippique
530 440 629 476 bello
662 454 732 489 pro
763 444 872 479 vobis
903 444 1086 480 adversus
1107 455 1227 491 reges,
1256 444 1309 480 sic
1339 455 1436 479 nune
1466 454 1535 490 pro
1565 454 1654 489 rege

257 510 439 546 adversus
470 522 539 546 vos
569 511 750 547 stetimus.
796 514 1126 559 Quemadmodum
1147 513 1337 549 soleamus
1370 512 1492 548 socios
1523 512 1654 548 iuvare

257 585 292 614 et
331 591 444 626 quam
487 579 634 628 inpigre
675 593 871 629 capessere
907 584 1025 627 bella,
1083 582 1124 619 C.
1156 583 1325 625 Livium,
1370 583 1412 620 L.
1453 582 1652 618 AEmilium

256 649 443 697 Regillum
474 650 718 698 interrogat-e,
750 653 814 699 qui
844 653 1026 689 classibus
1056 653 1192 688 vestris
1222 653 1259 688 in
1284 652 1380 690 Asia
1411 652 1653 700 praefuerunt.

258 719 477 767 Numquam
509 727 643 757 vestrae
682 734 800 758 naves
839 735 1058 771 pugnavere
1090 723 1170 758 sinc
1196 722 1325 765 nobis;
1372 729 1502 758 nostra
1535 721 1655 758 classe

256 790 509 838 pugnavimus
540 792 655 828 semel
687 793 735 828 ad
766 793 942 837 Samum,
979 793 1112 829 iterum
1144 793 1181 828 iu
1213 792 1441 841 Pamphylia
1472 792 1654 828 adversus

259 860 511 897 Hannibalem
552 861 821 909 inperatorem.
894 863 987 910 Quae
1025 863 1185 899 victoria
1223 863 1331 898 nobis
1370 874 1414 899 eo
1453 861 1655 911 gloriosior

256 936 333 966 est.
365 930 488 977 quod.
532 943 614 967 cum
647 932 696 968 ad
727 932 885 970 Samum
917 944 1095 980 magnam
1127 939 1271 981 partem
1304 933 1456 968 navium
1490 931 1655 967 adversa

255 1011 384 1047 pugna
414 1007 449 1035 ct
483 1002 674 1050 egregiam
707 1003 936 1039 iuventutem
970 1003 1249 1045 amisissemus5
1290 1016 1336 1039 ne
1367 1008 1472 1037 tanta
1503 1001 1654 1049 quidem

256 1069 362 1105 clade
392 1070 524 1109 territi,
553 1071 687 1107 iterum
719 1073 801 1109 ausi
832 1086 953 1109 sumus
984 1074 1097 1120 regiae
1128 1073 1239 1109 classi
1273 1085 1320 1109 ex
1351 1072 1463 1121 Syria
1492 1070 1655 1107 venienti

257 1140 408 1175 obviam
426 1141 489 1176 ire.
536 1141 629 1178 Haee
645 1154 718 1178 non
735 1143 924 1190 gloriandi
940 1156 1056 1180 eausa
1072 1144 1197 1180 rettuli
1221 1148 1359 1193 (neque
1383 1142 1479 1178 enim
1498 1154 1542 1177 ea
1558 1153 1656 1177 nunc

255 1216 386 1246 nostra
410 1217 465 1246 est
488 1210 668 1258 fortuna),
693 1213 759 1248 sed
783 1220 821 1248 ut
847 1214 1102 1258 admonerem,
1129 1213 1447 1261 quemadmodum
1473 1211 1656 1248 adiuvare

256 1279 380 1316 socios
400 1280 566 1316 solerent
583 1281 734 1320 Rhodii.
765 1284 941 1328 Praemia,
965 1290 999 1319 et
1018 1284 1186 1332 Philippo
1209 1291 1245 1319 et
1268 1284 1460 1320 Antiocho
1487 1282 1656 1326 devictis,

256 1350 490 1397 amplissima
514 1352 727 1400 accepimus
752 1366 775 1389 a
798 1354 918 1390 vobis.
966 1354 1019 1396 Si„
1043 1366 1126 1402 quae
1149 1359 1278 1390 vestra
1301 1365 1399 1389 nune
1425 1359 1481 1389 est
1502 1352 1658 1388 fortuna

256 1420 364 1456 deum
383 1420 613 1468 benignitate
631 1429 667 1458 et.
682 1423 820 1460 virtute
837 1432 976 1461 vestra.
993 1437 1039 1460 ea
1054 1424 1186 1461 Persei
1207 1423 1351 1468 fuisset,
1369 1429 1403 1458 et
1419 1422 1575 1471 praemia
1591 1434 1656 1470 pe-

255 1490 361 1526 titum
381 1491 429 1526 ad
446 1491 626 1528 victorem
644 1506 770 1539 regem
789 1495 1023 1531 venissemus
1039 1496 1075 1531 in
1093 1494 1372 1538 Macedoniam,
1400 1492 1489 1540 quid
1506 1492 1657 1528 tandem

255 1561 495 1597 diceremus?
544 1564 760 1600 Pecuniane
798 1578 821 1600 a
860 1566 969 1602 nobis
1003 1566 1172 1601 adiutum
1206 1577 1253 1600 an
1284 1562 1499 1599 frumento?
1550 1563 1658 1599 auxi-

256 1631 314 1666 liis
351 1633 593 1668 terrestribus
635 1646 681 1669 an
715 1636 943 1672 navalibus?
989 1636 1090 1684 quod
1120 1634 1334 1683 praesidium
1370 1634 1533 1669 tenuisse
1562 1632 1658 1669 nos?

258 1701 320 1736 ubi
361 1713 551 1749 pugnasse
594 1710 658 1739 aut
699 1706 767 1741 sub
805 1706 904 1743 illius
944 1707 1102 1742 ducibus
1146 1711 1209 1741 unt
1246 1717 1313 1753 per
1349 1703 1577 1752 nosipsos?
1616 1703 1689 1739 Si'

257 1777 452 1817 quaereret„
483 1772 545 1808 ubi
577 1773 683 1809 miles
716 1783 864 1818 noster,
896 1777 961 1813 ubi
993 1777 1102 1813 navis
1131 1776 1231 1811 intra
1260 1774 1437 1823 praesidia
1465 1786 1534 1810 sua
1566 1774 1658 1810 fuis-

256 1846 331 1878 set.
377 1841 466 1888 quid
504 1845 848 1891 responderemus?
908 1845 1073 1882 Causam
1112 1845 1276 1881 fortasse
1315 1844 1524 1881 diceremus
1567 1850 1659 1892 aput

257 1910 452 1949 victorem.
485 1914 804 1960 quemadmodum
837 1922 928 1964 aput
957 1927 1027 1952 vos
1056 1916 1226 1953 dicimus.
1285 1915 1371 1951 Hoc
1392 1915 1489 1951 enim
1511 1915 1658 1963 legatos

257 1989 418 2029 utroque
448 1983 492 2019 cle
526 1996 622 2032 pace
657 1986 838 2022 mittendo
869 1986 1059 2022 consecuti
1091 1996 1232 2029 sumus,
1262 1991 1301 2020 ut
1327 1985 1374 2021 ab
1396 1991 1530 2021 neutra
1550 1991 1659 2033 parte

258 2140 275 2166 3
305 2144 339 2168 ut
365 2139 572 2171 traderemus
599 2146 636 2170 ut
661 2141 755 2171 uobis
805 2145 825 2171 4
851 2141 947 2171 rhodi
970 2142 974 2180 Ι
997 2142 1075 2171 noxi
1126 2140 1185 2174 10.
1212 2145 1223 2171 l
1247 2140 1398 2181 partibus
1425 2140 1547 2172 fuimus
1573 2140 1658 2178 (Mi-

258 2205 315 2224 nus
335 2196 498 2235 probabile
523 2204 582 2229 est:
611 2198 649 2227 In
676 2198 713 2229 P.
741 2209 771 2239 p.
800 2198 938 2239 suimus)
963 2200 967 2238 1
990 2199 1136 2229 anthioci
1196 2197 1249 2234 11,
1273 2202 1290 2228 2
1318 2199 1339 2229 l.
1367 2199 1476 2230 aelium
1505 2200 1656 2239 regillum

258 2252 312 2291 12,
339 2257 357 2283 2
396 2255 502 2285 semul
535 2256 577 2286 ad
615 2257 842 2287 samulitcrum
870 2257 902 2286 in
929 2256 1114 2297 pamphilia
1174 2260 1192 2286 3
1231 2257 1489 2297 inperatoremq.
1517 2257 1658 2288 uictoria

259 2321 311 2357 13,
333 2326 352 2352 3
370 2333 503 2363 pugnae
527 2330 559 2355 et
585 2326 758 2364 egi-aeciam
808 2329 828 2356 4
849 2326 1135 2363 iterumausrcgiae
1163 2313 1281 2356 classia
1307 2335 1349 2356 ex
1374 2314 1485 2367 suyria
1556 2326 1610 2363 14,
1641 2331 1654 2357 l

259 2381 386 2411 rettulit
449 2382 583 2420 XXIII,
611 2383 640 2420 1,
672 2387 683 2414 l
720 2385 855 2425 praemia
887 2390 919 2414 ct.
952 2383 1110 2414 anthioco
1137 2383 1239 2423 (prius
1272 2389 1303 2415 et
1335 2383 1413 2416 add.
1452 2384 1581 2424 Weiss.)
1638 2389 1656 2415 2

258 2438 284 2469 si
311 2446 460 2477 quagcst
485 2439 817 2471 sorumadcumdcum
844 2441 1048 2480 benignitate
1099 2445 1117 2471 3
1143 2440 1245 2472 fuisse
1273 2447 1305 2471 et
1352 2443 1523 2482 praemiam
1579 2442 1610 2480 2,
1641 2446 1654 2473 l

259 2496 301 2526 ad
327 2494 496 2528 frumento
535 2503 552 2528 2
581 2499 622 2528 ad
648 2499 824 2530 naualibus
863 2499 1037 2530 3ducibus
1064 2509 1122 2539 pel·
1167 2498 1200 2535 3,
1220 2503 1238 2529 2
1266 2505 1432 2538 quaeretur
1472 2504 1491 2530 4
1517 2509 1578 2531 nos
1624 2499 1657 2535 4.

264 2557 274 2584 l
297 2553 351 2584 hic
377 2554 467 2585 enim
508 2560 524 2585 2
542 2556 703 2597 ultraquae
731 2566 814 2598 pace
836 2555 842 2598 Ι
863 2563 899 2588 ut
923 2566 963 2587 ne
991 2557 1033 2588 ab
1059 2563 1197 2597 utraque
1210 2562 1303 2597 parte
1322 2556 1432 2596 Gron„
1447 2556 1519 2588 Em.
1541 2556 1656 2589 60211.
