1753 2934
162 1627 208 1661 10

295 117 373 152 246
656 114 757 144 Liber
782 113 890 144 XLV.
946 114 1009 152 (A.
1038 123 1069 143 u.
1098 122 1124 144 c.
1147 113 1245 152 587.)

236 236 399 278 ficentia,
421 235 487 271 sed
509 234 711 283 disciplina
733 235 989 283 institutisque
1011 234 1297 271 memorabilem
1330 233 1395 284 [ac
1415 234 1653 285 visendam];

239 305 337 342 unde
368 317 435 352 per
470 304 745 352 Megalopolim
777 304 997 354 Olympiam
1038 305 1224 348 escendit,
1266 304 1330 340 ubi
1377 311 1413 340 et
1455 304 1530 340 alia
1572 305 1653 352 qui-

238 375 321 410 dem
353 374 563 421 spectanda
591 374 623 409 ei
654 375 763 418 visa3
794 375 926 411 Iovem
959 375 1061 410 velut
1092 381 1316 422 praesentem
1348 375 1496 410 intuens
1529 381 1654 410 motus

237 444 365 480 animo
397 450 464 479 est.
533 444 692 491 Itaque,
725 444 829 480 haud
860 456 968 480 secus
1001 457 1115 492 quam
1157 444 1187 479 si
1218 443 1255 479 in
1287 442 1480 492 Capitolio
1519 444 1654 480 immo-

236 514 383 549 laturus
414 519 534 557 esset,
573 514 800 550 sacrificium
845 514 1008 561 amplius
1039 514 1151 550 solito
1183 514 1364 561 apparari
1395 514 1514 550 iussit.
1595 514 1655 550 Ita

237 589 444 631 peragrata
476 581 649 627 Graeria,
696 590 735 619 ut
766 583 858 619 nihil
889 596 1041 626 eorum,
1084 595 1168 631 quae
1201 583 1362 630 quisque
1393 583 1523 619 Persei
1556 583 1654 619 bello

238 652 416 701 privatim
449 659 515 687 aut
545 653 696 700 public-e
727 653 920 697 sensisset,
951 653 1171 700 inquireret,
1203 665 1248 688 ne
1279 653 1384 688 cuius
1418 661 1517 689 metu
1551 653 1655 689 solli—

238 722 372 758 citaret
405 722 554 757 animos
585 723 802 766 sociorum,
848 723 1135 758 Demetriadem
1169 734 1252 758 cum
1285 729 1485 770 repeteret,
1530 723 1566 758 in
1597 723 1654 758 iti-

238 804 327 827 nere
357 791 556 827 sordidata
590 793 703 828 turba
732 792 955 829 AEtolorum
989 793 1174 836 occurrit3
1220 793 1450 840 mirantique
1493 800 1529 828 et
1569 805 1654 840 per-

238 860 450 903 cunctanti,
502 861 592 908 quid
623 868 742 906 esset,
787 861 969 903 defertur,
1020 863 1093 898 DL
1124 863 1313 910 principes
1345 862 1393 898 ab
1427 862 1586 910 Lycisco
1618 868 1655 898 et

237 932 422 979 Tisippo,
457 931 707 967 circumsesso
738 940 871 967 senatu
905 944 972 979 pcr
1005 932 1140 968 milites
1177 933 1400 975 Romanos,
1442 931 1577 966 missos
1608 931 1653 967 ab

238 1003 288 1038 A.
324 1002 454 1037 Baebio
483 1003 652 1049 proesecto
683 1002 859 1049 praesidii,
891 1001 1129 1046 interfectos,
1167 1003 1262 1038 alios
1294 1002 1330 1038 in
1361 1001 1515 1037 exilium
1549 1008 1655 1037 actos

240 1084 342 1115 esse,
384 1073 561 1119 bonaque
592 1084 748 1114 eorum,
780 1071 843 1119 qui
872 1071 1060 1107 interfecti
1091 1078 1238 1115 essent,
1286 1077 1322 1107 et
1352 1071 1503 1107 exulum
1534 1071 1655 1118 possi-

241 1142 332 1177 deri.
398 1142 538 1185 Iussis,
570 1142 631 1189 qui
666 1143 948 1189 arguebantur,
991 1141 1218 1190 Amphipoli
1250 1141 1403 1184 adesse,
1434 1140 1534 1188 ipse,
1565 1153 1655 1176 con-

238 1218 352 1246 vento
386 1210 455 1247 Cn.
487 1210 651 1247 Octavio
684 1212 945 1255 Demetriade,
977 1218 1181 1260 postquam
1213 1210 1317 1247 sama
1348 1210 1510 1254 accidit,
1541 1211 1654 1246 traie-

239 1281 335 1316 cisse
366 1281 441 1316 iam
478 1290 584 1316 mare
618 1278 748 1314 decem
779 1279 943 1329 legatos,
976 1282 1152 1317 omnibus
1187 1281 1271 1316 aliis
1294 1280 1456 1323 omissis,
1491 1280 1654 1327 Apollo-

239 1350 340 1385 niani
381 1350 430 1386 ad
471 1361 536 1386 eos
574 1348 711 1396 pergit.
785 1350 872 1397 Quo
911 1363 995 1387 cum
1039 1352 1202 1388 Perseus
1244 1351 1397 1386 obviam
1431 1349 1657 1397 Amphipoli

240 1420 343 1456 omni
373 1420 519 1455 solutus
560 1419 734 1454 custodia
772 1421 1020 1468 processisset
1065 1421 1118 1467 (id
1162 1421 1236 1456 diei
1275 1421 1346 1457 iter
1387 1420 1478 1466 est),
1528 1419 1650 1468 ipsum

241 1490 392 1538 quidem
423 1490 585 1537 benigne
617 1489 817 1525 adlocutus
851 1500 928 1534 est;
976 1498 1167 1535 ceterum,
1198 1498 1403 1539 postquam
1449 1490 1484 1526 in
1526 1497 1655 1526 eastra

241 1559 289 1594 ad
323 1559 587 1607 Amphipolim
620 1560 744 1604 venit,
785 1561 955 1608 graviter
996 1561 1230 1609 increpuisse
1261 1561 1424 1596 traditur
1455 1559 1495 1598 C.
1528 1559 1655 1608 Sulpi-

242 1629 353 1671 cium,
386 1630 563 1677 primum,
596 1630 697 1677 quod
731 1631 875 1666 Persea
906 1638 983 1666 tam
1016 1632 1149 1679 procul
1181 1644 1203 1666 a
1234 1643 1274 1667 se
1304 1630 1439 1679 vagari
1470 1643 1538 1678 per
1567 1642 1655 1678 pro-

240 1699 404 1735 vinciam
438 1711 574 1747 passus
606 1707 727 1743 esset,
765 1701 912 1745 deinde,
955 1701 1058 1748 quod
1088 1702 1184 1737 adeo
1215 1700 1433 1736 indulsisset
1463 1699 1655 1744 militibus,

240 1775 281 1804 ut
311 1769 458 1806 nudare
501 1770 638 1817 tegulis
685 1783 814 1806 muros
859 1771 964 1807 urbis
1004 1771 1052 1807 ad
1097 1771 1261 1820 tegenda
1300 1769 1547 1807 hibernacula
1587 1781 1656 1805 sua

244 1996 262 2025 2
292 1994 546 2025 memorabilem
575 2004 614 2025 ac
641 1994 809 2026 silentium
829 1994 900 2035 My.
921 1994 993 2025 Em.
1015 1993 1088 2026 607
1111 1993 1228 2037 (Gr-yn.
1258 2000 1375 2026 tantum
1403 1994 1655 2025 memorabilem

240 2058 393 2093 putatque
429 2051 549 2083 Vahlen
583 2063 620 2083 ea:
646 2053 824 2093 repetitione
866 2052 950 2083 vocis
989 2053 1274 2091 magnificentiam
1308 2058 1407 2082 ortum
1441 2052 1656 2091 (mlncsilen-

244 2110 356 2149 tiam.)
411 2114 430 2141 3
462 2110 560 2151 (iryn.
589 2111 742 2141 ascendit
791 2110 823 2148 5,
851 2113 868 2140 2
896 2111 1081 2151 spectanda
1109 2116 1142 2140 ct
1167 2111 1240 2140 uisa
1266 2111 1376 2141 ioucm
1405 2109 1475 2150 My.
1494 2109 1565 2140 Em.
1585 2107 1658 2140 608

245 2166 360 2208 (Gr-yn.
390 2168 576 2208 spectanda
604 2169 684 2205 uisa,
712 2173 744 2198 et
769 2167 897 2205 Iovem)
948 2167 979 2204 6,
1009 2171 1026 2197 2
1053 2166 1366 2208 perscagratalnut
1391 2167 1475 2197 nihil
1525 2168 1544 2194 3
1572 2167 1656 2207 pub-

244 2225 317 2255 licae
340 2228 344 2263 Ι
368 2224 494 2256 Satisne
511 2236 621 2256 sanum
648 2226 742 2256 cuius
769 2224 909 2255 absolute
928 2225 1075 2266 positum,
1101 2236 1143 2255 an
1160 2224 1276 2256 excidit
1288 2225 1510 2256 substantivum
1531 2230 1654 2265 (poenae

243 2282 292 2313 vel
314 2284 433 2320 mam?
476 2288 494 2313 4
521 2284 650 2323 animo!
667 2293 741 2314 cum
762 2284 899 2313 reuertit
934 2282 1185 2323 2119.E1n.(i06
1235 2286 1252 2312 5
1282 2285 1379 2314 turba
1408 2292 1449 2313 ne
1475 2281 1652 2312 aetolorum

245 2340 275 2378 7,
307 2345 318 2371 l
351 2341 559 2382 percunctati
609 2344 628 2371 2
662 2341 705 2372 al.
734 2341 901 2382 principes
924 2341 928 2380 Ι
950 2340 1090 2381 lyciisco
1140 2346 1159 2371 4
1179 2351 1199 2371 a
1227 2341 1336 2371 baebio
1363 2340 1494 2381 praesidi
1523 2338 1653 2380 Kreyss.

245 2398 363 2439 (Gryn.
392 2409 411 2429 a
438 2399 554 2429 ssaebio
580 2399 742 2439 praeside)
769 2399 772 2437 Ι
796 2398 950 2429 exsilium
977 2398 1009 2438 (?
1031 2397 1102 2437 sil.)
1155 2402 1172 2429 5
1201 2399 1371 2439 possidere
1399 2397 1529 2439 Kreyss.
1579 2396 1611 2432 8,
1640 2399 1652 2427 l

245 2456 440 2496 ampipolim
455 2455 579 2487 Dat-er.
608 2456 725 2497 (Gryn.
753 2457 933 2497 possidere,
961 2455 1016 2495 qui
1044 2456 1244 2496 arguebant.
1273 2455 1377 2487 Iussis
1406 2453 1657 2496 Amphipolim)

247 2514 250 2552 1
281 2519 448 2543 conuentu
498 2514 530 2549 9,
562 2517 572 2543 l
604 2514 740 2544 obuiam
768 2513 961 2554 ampipolim
989 2514 1088 2545 nimis
1122 2514 1241 2545 solutis
1280 2514 1374 2544 cuius
1401 2513 1557 2545 custodia
1585 2511 1655 2553 My.

244 2570 317 2602 Em.
349 2569 422 2601 60&
448 2572 567 2612 (Gr-yn.
596 2571 792 2612 Amphipoli
819 2571 918 2602 nimis
944 2571 1055 2602 soluta
1085 2571 1257 2610 custodia)
1320 2575 1338 2601 2
1361 2572 1413 2602 die
1440 2576 1514 2602 uter
1538 2577 1589 2601 est.
1637 2574 1656 2602 3

244 2626 378 2658 locutus
428 2627 483 2665 10,
512 2632 529 2658 2
556 2638 677 2668 passus
705 2635 755 2660 est
786 2628 884 2660 Gron.
909 2630 914 2667 1
937 2629 1135 2659 indulsisset
1159 2629 1353 2659 milites-sibi
1381 2634 1418 2659 ut
