1796 2929
519 136 619 166 Liber
645 135 770 165 XLIV.
823 136 880 172 (A.
905 134 982 164 Chr.
1016 137 1105 165 169.ὶ
1392 136 1463 170 153

109 258 210 306 quod
245 270 289 294 eo
325 257 585 305 proc-essisset,
621 256 719 291 unde
750 256 869 291 invito
901 256 1009 291 hoste
1039 256 1188 303 regredi
1220 255 1404 302 nequiret,
1435 268 1518 290 eam

108 339 182 362 non
215 326 464 362 inconsultam
497 326 698 361 audaciam
731 324 831 361 feeit.
892 325 1002 360 Duos
1033 324 1130 360 enim
1165 325 1297 362 saltus.
1328 337 1396 373 per
1424 336 1520 372 quos

107 396 194 432 inde
226 396 389 432 evadere
419 400 587 442 possent,
618 395 812 431 habebant
843 394 1022 437 Romani,
1059 406 1172 429 unum
1205 407 1273 442 per
1304 395 1452 442 Tempe
1485 394 1521 429 in

108 465 364 509 Thessaliam,
392 464 552 500 alterum
584 463 622 499 in
654 464 922 500 Macedoniam
955 469 1092 512 praeter
1121 464 1259 500 Dium.
1305 476 1389 511 quae
1420 470 1522 499 utra-

107 548 180 583 que
221 535 334 583 regiis
382 534 609 569 tenebantur
660 533 857 581 praesidiis.
939 534 1076 580 Itaque
1126 533 1156 569 si
1197 533 1273 569 dux
1314 533 1523 581 intrepidus

106 605 144 641 X
185 605 264 640 dies
293 604 454 653 primam
495 603 658 651 speciem
695 603 1038 651 adpropinquantis
1076 603 1232 638 terroris
1270 603 1521 638 sustinuisset.

107 687 230 721 neque
275 679 449 721 receptus
489 673 675 710 Romanis
720 686 788 721 per
828 674 977 721 Tempe
1021 673 1056 708 in
1103 672 1343 709 Thessaliam
1400 684 1523 719 neque

106 743 383 780 commeatibus
413 743 667 791 pervehendis
698 755 744 778 ea
775 743 959 791 patuisset
990 742 1070 778 iter.
1126 742 1223 779 Sunt
1253 742 1349 778 enim
1373 742 1522 789 Tempe

105 812 245 855 saltus,
288 812 436 848 etiamsi
475 825 551 848 non
583 812 682 848 bello
713 814 779 848 fiat
809 812 981 857 infestus,
1007 813 1167 848 transitu
1193 811 1366 848 difficilis.
1418 811 1520 847 Nam

106 889 242 931 praeter
285 882 483 930 angustias
524 894 593 930 per
638 882 805 929 quinque
843 882 967 922 milia,
1013 894 1088 930 qua
1131 882 1309 929 exiguum
1354 881 1521 916 iumento

105 959 242 989 onusto
273 952 344 988 iter
377 957 412 987 et
443 963 557 999 rupes
588 951 778 998 utrimque
807 951 861 987 ita
893 951 1052 987 abscisae
1081 959 1182 995 sunt,
1214 958 1252 987 ut
1285 950 1427 997 despici
1458 949 1521 984 vix

104 1022 184 1057 sine
214 1021 399 1069 vertigine
430 1021 595 1069 quadam
641 1021 753 1058 simul
784 1021 979 1056 oculorum
1011 1020 1206 1068 animique
1235 1019 1376 1068 possit,
1408 1025 1521 1054 terret

105 1097 139 1126 et
170 1091 316 1127 sonitus
346 1097 382 1127 et
413 1091 573 1126 altitudo
596 1103 664 1139 per
693 1091 856 1127 mediam
888 1090 1026 1126 vallem
1058 1090 1209 1126 fluentis
1238 1089 1356 1126 Penei
1387 1089 1522 1125 amnis.

104 1160 178 1196 Hic
208 1160 327 1204 locus,
367 1166 444 1196 tam
481 1168 617 1209 suapte
650 1167 784 1197 natura
816 1160 998 1205 infestus,
1027 1173 1096 1208 per
1128 1166 1310 1207 quattuor
1340 1159 1522 1195 distantia

104 1230 188 1266 loca
227 1230 413 1278 praesidiis
453 1230 568 1278 regiis
605 1230 675 1266 fuit
705 1230 884 1266 insessuS.
944 1231 1070 1268 Unum
1109 1230 1146 1265 in
1181 1229 1305 1277 primo
1337 1229 1441 1265 aditu
1475 1228 1522 1264 ad

105 1298 285 1336 Gonnum
308 1305 402 1343 erat,
424 1299 584 1336 alterum
608 1302 643 1336 in
660 1298 848 1347 Condylo,
869 1300 1025 1335 castello
1049 1298 1349 1347 inexpugnabili,
1371 1298 1521 1334 tertium

104 1368 202 1404 eirca
235 1369 497 1417 Lapathunta,
528 1382 639 1417 quem
672 1368 847 1405 Characa
879 1369 1095 1417 appellant,
1127 1375 1304 1416 quartum
1336 1368 1408 1403 viae
1437 1368 1522 1415 ipsi.

104 1450 180 1485 qua
207 1444 244 1474 et
274 1438 400 1475 media
430 1445 465 1474 et
496 1439 767 1486 angustissima
796 1438 907 1474 vallis
938 1445 1014 1483 est,
1056 1439 1282 1487 inpositum,
1314 1450 1427 1486 quam
1461 1437 1520 1473 vel

103 1508 231 1544 decem
273 1508 431 1544 armatis
472 1509 568 1544 tueri
605 1508 717 1545 facile
754 1515 822 1546 est.
881 1509 1094 1545 Intercluso
1132 1521 1200 1557 per
1230 1509 1378 1555 Tempe
1409 1507 1518 1542 simul

102 1578 205 1613 aditu
229 1578 517 1621 commeatibus,
539 1577 650 1613 simul
672 1578 794 1614 reditu
816 1578 921 1626 ipsis,
946 1584 1107 1623 montes,
1136 1591 1205 1627 per
1236 1589 1331 1625 quos
1363 1578 1518 1613 deseen-

103 1647 249 1691 derant,
279 1647 473 1695 repetendi
507 1655 626 1684 erant.
687 1647 798 1693 Quod
833 1654 872 1683 ut
902 1647 1004 1684 furto
1038 1648 1265 1691 fefellerant,
1295 1647 1349 1683 ita
1380 1659 1520 1696 propa-

103 1716 191 1761 latn,
223 1717 437 1752 tenentibus
468 1717 668 1765 superiora
700 1717 899 1753 cacumina
929 1718 1116 1757 hostibus,
1147 1729 1222 1753 non
1254 1722 1451 1764 poterant;
1486 1724 1520 1752 et

103 1792 262 1834 experta
308 1785 512 1822 difficultas
557 1799 663 1835 spem
706 1799 856 1822 ornnem
908 1787 1114 1824 incidisset.
1181 1786 1390 1834 Supererat
1429 1787 1520 1822 nihil

103 1855 204 1891 aliud
235 1855 272 1890 in
304 1860 447 1891 temere
479 1856 682 1892 commisso
722 1869 835 1904 quam
867 1857 903 1892 in
933 1857 1202 1893 Macedoniam
1235 1856 1282 1892 ad
1305 1856 1422 1892 Dium
1454 1869 1522 1904 per

102 2115 135 2152 4,
153 2120 172 2146 3
191 2115 380 2147 consultam
398 2114 508 2157 Sz'yon.
537 2116 568 2153 5,
585 2120 603 2147 2
623 2117 746 2157 tempin
770 2116 964 2147 thessaliam
993 2122 1011 2147 4
1030 2118 1119 2157 regis
1148 2118 1179 2150 6.
1199 2121 1209 2148 l
1230 2118 1321 2158 itque
1338 2118 1435 2148 sidua
1463 2121 1481 2148 2
1499 2128 1519 2147 x

104 2173 174 2204 dies
190 2173 259 2210 Me,
281 2179 314 2204 ut
331 2173 394 2210 W„
418 2173 553 2213 offendit
574 2179 674 2204 certus
691 2185 833 2204 numerus
852 2173 981 2205 dierum.
995 2172 1170 2215 Scripsitne
1188 2174 1322 2205 Livius.-
1349 2175 1469 2214 Itaque
1493 2175 1518 2206 si

102 2241 230 2272 paucos
247 2230 434 2271 intrepidus
460 2240 519 2261 rex
547 2232 646 2262 diest?
680 2229 685 2272 1
720 2232 847 2272 speeies
903 2235 921 2262 3
949 2241 1105 2262 romanus
1134 2238 1264 2272 partem
1291 2233 1325 2263 iu
1351 2233 1518 2263 tessaliam

103 2309 212 2339 neque
240 2288 256 2330 i·
293 2287 560 2331 commeatuibus
632 2304 651 2330 4
683 2310 723 2330 eo
759 2299 830 2341 sssy.
866 2299 939 2331 Em.
973 2299 1055 2331 564.
1122 2299 1159 2338 7,
1191 2304 1202 2331 l
1239 2301 1326 2331 enim
1352 2310 1384 2341 p.
1413 2300 1519 2331 saltus

112 2356 226 2388 Vellem
240 2363 332 2388 esset:
347 2358 408 2388 Est
421 2358 508 2388 enim
524 2359 595 2398 ipse
610 2357 713 2388 saltus
746 2357 778 2391 8,
794 2361 812 2388 2
838 2366 904 2397 qua
920 2358 1125 2397 exexiguum
1162 2362 1180 2388 3
1195 2358 1316 2389 interst
1330 2368 1430 2399 rupes
1446 2357 1517 2399 My.

104 2413 176 2445 Em.
203 2413 277 2445 565
326 2418 346 2444 4
372 2420 487 2455 posset
513 2414 631 2457 (Gt-yn.
658 2415 722 2445 iter
747 2420 808 2450 est,
836 2424 935 2455 rupes
962 2432 1004 2437 —
1030 2416 1146 2455 possit.
1173 2415 1294 2454 terret)
1353 2418 1369 2445 5
1398 2416 1519 2446 sinitus

108 2471 291 2512 {amamnis
354 2471 386 2505 9,
409 2476 427 2503 2
455 2473 541 2512 regis
571 2472 669 2503 Gron.
720 2471 776 2508 10,
807 2475 819 2501 l
849 2481 936 2501 unus
988 2475 1006 2500 2
1034 2482 1183 2503 connum
1209 2478 1280 2503 erat
1306 2483 1326 2502 a
1351 2473 1513 2502 alterum,

107 2528 274 2568 condylon
292 2528 400 2561 Drak.
417 2529 489 2561 Em.
509 2528 583 2561 56²5
610 2528 731 2571 (Gryn.
757 2534 841 2565 erat,
867 2529 1010 2560 alterum
1040 2529 1225 2570 condylon)
1275 2534 1293 2560 3
1320 2529 1520 2570 lapathynta

108 2604 111 2612 ,
140 2594 260 2616 caraea
330 2586 384 2624 11,
412 2591 430 2618 2
471 2587 576 2618 ualles
601 2588 810 2627 esttpositum
884 2586 938 2623 12,
970 2590 982 2617 1
1018 2596 1078 2627 per
1103 2593 1203 2628 temp.
1236 2591 1254 2617 ‘2
1276 2587 1521 2618 cummeatibus

108 2643 109 2669 l
138 2640 203 2682 ipsi
229 2648 361 2675 montes
380 2643 452 2686 My.
477 2644 551 2675 Em.
579 2643 651 2675 565
698 2648 717 2675 3
737 2644 911 2684 repente-di
963 2643 1017 2680 13,
1040 2648 1049 2674 1
1075 2645 1253 2685 propalam
1279 2655 1298 2675 a
1324 2645 1519 2675 tenentibus

1556 811 1576 847 (7)

1561 1230 1604 1262 to

1561 1370 1598 1402 11

1559 1507 1600 1541 12

1558 1644 1601 1677 13

1557 1783 1600 1817 14
