1796 2929
501 137 604 168 Liber
628 137 756 168 XLIV.
797 138 858 176 (A.
878 135 958 168 Chr.
986 136 1080 176 169.)
1367 139 1440 174 163

91 260 271 309 potuisse.
332 258 506 296 Attalum
552 258 709 295 fratrem
741 259 821 295 eius
853 265 888 295 et
919 260 1149 296 remansisse
1180 264 1272 307 aput
1305 257 1497 294 consulem

91 337 126 366 et
157 330 343 366 sinceram
376 327 456 364 eius
486 328 597 364 fidem
634 328 771 376 aequali
810 335 941 365 tenore
972 329 1244 377 egregiamque
1274 340 1430 376 operam
1461 327 1499 363 in

91 410 135 434 eo
167 397 266 434 bello
297 396 424 433 fuisse.

202 468 306 504 Dum
351 465 488 502 bellum
530 465 566 500 in
607 466 837 502 Macedonia
884 466 1046 515 geritur,
1100 466 1215 514 legati
1253 465 1500 514 Transalpini

93 538 141 573 ab
181 536 313 584 regulo
353 535 555 572 Gallorum
595 535 781 580 (Balanos
820 537 938 585 ipsius
969 535 1133 572 traditur
1167 547 1328 578 nomem
1367 535 1502 583 gentis,

94 619 140 643 ex
173 618 250 653 qua
280 604 413 649 fuerit,
444 617 519 640 non
551 605 729 652 traditur)
760 606 924 642 Romam
956 612 1165 648 venerunt,
1205 605 1425 653 pollicentes
1455 603 1503 640 ad

94 674 385 711 Macedonicum
418 675 558 710 bellum
591 675 746 712 auxilia.
814 675 961 713 Gratiae
991 675 1041 711 ab
1071 681 1204 711 senatu
1236 682 1342 717 actae,
1373 686 1503 710 mnne-

93 757 213 792 raque
245 744 373 787 missa,
401 744 549 792 torquis
581 756 718 780 aureus
750 744 824 781 duo
856 746 985 793 pondo
1017 752 1051 781 et
1076 752 1216 793 paterae
1239 756 1363 780 aureae
1394 751 1504 791 quat·

95 821 182 850 tuor
212 814 354 862 pondo,
385 826 506 861 equus
539 815 759 863 phaleratus
790 827 974 863 armaque
1006 814 1208 862 equestria.
1288 813 1503 850 Secundum

97 883 235 921 Gallos
266 883 483 932 Pamphylii
515 883 630 931 legati
661 895 842 919 eoronam
875 896 1030 920 auream
1063 896 1109 919 ex
1127 884 1208 919 XX
1245 883 1396 919 milibus
1414 882 1504 918 Phi-

95 954 308 1002 lippeorum
341 952 482 988 factam
518 952 554 988 in
585 953 728 988 curiam
769 953 994 997 intulerunt,
1033 953 1325 1002 petentibusque
1359 952 1426 992 iis,
1467 957 1505 987 ut

96 1022 132 1059 id
164 1022 306 1057 donum
337 1022 374 1057 in
409 1021 504 1057 cella
534 1022 639 1058 Iovis
670 1022 804 1070 optimi
834 1023 992 1059 maximi
1032 1036 1174 1071 ponere
1214 1030 1251 1058 et·
1292 1022 1508 1058 sacrificare

97 1092 133 1128 iu
163 1090 356 1139 Capitolio
395 1091 543 1135 liceret,
592 1091 842 1140 permissum3
887 1092 1126 1140 benigneque
1156 1091 1362 1128 amicitiam
1393 1103 1507 1127 reno-

98 1174 190 1197 vare
220 1161 436 1197 volentibus
466 1161 602 1209 legatis
633 1173 873 1209 responsum,
907 1169 942 1198 et
974 1163 1103 1198 binum
1136 1161 1280 1198 milium
1317 1161 1400 1197 aeris
1431 1161 1507 1196 sin-

97 1232 194 1280 gulis
226 1231 380 1267 missum
414 1243 560 1267 munus.
630 1231 730 1266 Tum
763 1232 810 1267 ab
841 1244 931 1279 rege
962 1232 1101 1268 Prusia
1130 1239 1165 1268 et
1195 1231 1311 1279 paulo
1342 1237 1427 1278 post
1459 1231 1507 1267 ab

98 1302 260 1338 Rhodiis
309 1301 355 1336 de
404 1300 536 1336 eadem
580 1312 618 1335 re
654 1300 768 1348 longe
807 1301 916 1337 aliter
954 1301 1182 1338 disserentes
1228 1301 1345 1348 legati
1390 1300 1508 1337 auditi

99 1377 196 1408 sunt.
255 1371 433 1417 Utraque
462 1369 604 1416 legatio
638 1369 683 1405 de
714 1382 810 1417 paee
839 1371 1123 1407 reconcilianda
1145 1383 1228 1407 cum
1259 1382 1349 1418 rege
1366 1371 1510 1407 Perseo

102 1440 188 1489 egit.
246 1439 394 1476 Prusiae
425 1450 556 1487 preces
587 1438 710 1487 magis
738 1451 850 1486 quam
883 1440 1089 1487 postulatio
1119 1439 1247 1484 fuere,
1286 1441 1511 1488 profitentis,

102 1517 137 1547 et
169 1509 217 1545 ad
247 1509 285 1545 id
316 1515 465 1556 tempus
496 1520 537 1544 se
574 1520 658 1544 cum
690 1509 875 1544 Romanis
916 1509 1066 1545 stetisse
1101 1516 1159 1552 et,
1201 1510 1329 1557 quoad
1375 1511 1513 1547 bellum

103 1579 213 1623 foret,
244 1586 445 1615 staturum.
512 1576 688 1614 Ceterum
736 1590 820 1614 cum
863 1578 912 1614 ad
946 1590 987 1614 se
1015 1591 1038 1614 a
1068 1579 1212 1615 Perseo
1241 1579 1358 1627 legati
1388 1580 1513 1616 venis-

103 1654 184 1685 sent
216 1648 262 1684 de
294 1647 459 1683 finiendo
491 1659 575 1684 cum
610 1648 795 1684 Romanis
825 1648 946 1693 bello,
984 1648 1017 1684 ei
1059 1660 1100 1685 se
1136 1648 1345 1697 pollicitum
1380 1649 1514 1698 depre-

103 1726 270 1755 catorem
304 1724 395 1766 aput
426 1724 600 1753 senatum
631 1716 820 1761 futurum3
851 1724 992 1766 petere,
1023 1717 1054 1753 si
1084 1726 1239 1765 possent
1269 1719 1449 1756 inducere
1478 1719 1516 1756 in

104 1787 286 1832 animum,
318 1794 357 1823 ut
387 1786 518 1822 finiant
549 1787 639 1831 iras,
669 1799 710 1823 se
741 1799 893 1834 quoque
921 1787 959 1822 in
981 1787 1106 1835 gratia
1127 1788 1381 1824 reconciliatae
1411 1790 1517 1837 pacis

105 1863 302 1906 ponerent.
361 1857 457 1893 Haee
487 1857 581 1905 regii
612 1857 740 1905 legati.
807 1857 971 1901 Rhodii,
1014 1858 1178 1905 superbe
1208 1859 1517 1896 commemoratis

105 1929 240 1963 meritis
269 1927 345 1962 suis
375 1938 466 1974 erga
497 1927 681 1975 populum
715 1927 931 1963 Romanum
964 1933 1001 1962 et
1030 1939 1138 1974 paene
1165 1926 1356 1972 victoriae,
1386 1929 1517 1977 ntique

106 1997 152 2032 de
183 1997 377 2033 Antiocho
408 2008 517 2044 rege,
556 1996 701 2032 maiore
741 2004 851 2044 parte
880 1996 928 2032 ad
958 2007 998 2032 se
1036 1995 1250 2041 vindicata,
1287 1997 1518 2044 adiecerunt,

108 2190 162 2224 14.
191 2193 210 2221 2
236 2190 484 2230 aegregiamque
533 2192 552 2220 3
580 2189 685 2220 suisse
740 2187 838 2226 XIV,
864 2187 898 2224 2,
923 2191 942 2218 3
969 2187 1082 2228 pondo
1109 2187 1162 2219 cui
1188 2187 1382 2228 phaleratus
1440 2189 1472 2227 3,
1500 2193 1519 2222 2

108 2259 255 2301 pampyli
282 2259 400 2300 (Gryn.
423 2258 618 2299 Pamphyli)
642 2259 647 2297 1
669 2257 908 2299 philippici-um
959 2259 979 2286 4
1007 2255 1091 2286 cella
1118 2262 1144 2287 .ῑ
1169 2262 1189 2288 ὃ
1217 2243 1248 2287 m
1272 2264 1384 2297 petere
1410 2264 1443 2290 et
1486 2259 1518 2298 4,

114 2321 127 2348 1
156 2326 321 2348 renouare
346 2316 552 2347 nouantibus
613 2315 645 2352 5,
679 2319 697 2345 2
725 2315 817 2346 rodis
840 2314 845 2353 1
867 2314 984 2345 eadem
1010 2313 1112 2353 longe
1177 2317 1196 2344 3
1224 2324 1359 2355 oraquae
1394 2316 1521 2357 legatio

111 2385 150 2422 6,
180 2389 194 2416 1
226 2395 352 2426 praeces
410 2389 428 2415 2
464 2385 611 2416 stetisset
636 2384 772 2424 quodad
827 2387 846 2414 3
873 2388 1074 2414 statutarum
1132 2381 1163 2420 7,
1190 2386 1208 2414 2
1235 2383 1370 2416 finiendi
1401 2388 1406 2425 Ι
1435 2394 1468 2419 et
1493 2389 1520 2421 is

114 2441 248 2473 Forchle.
284 2442 403 2484 (Gryn.
431 2447 463 2473 et
494 2443 553 2482 iis)
590 2441 593 2481 ξ
632 2442 851 2482 depraetorem
924 2445 943 2471 4
977 2439 1075 2478 ira1se
1114 2439 1253 2472 For-cbk,
1289 2442 1412 2485 [Gryn.
1439 2446 1521 2477 iram

115 2502 162 2537 se)
195 2500 200 2539 Ι
233 2500 328 2540 pacis
354 2505 491 2541 possent
524 2500 620 2531 (ἲν-οη.
653 2499 770 2541 (Gryn.
799 2499 889 2539 pacis
915 2507 1017 2539 posse
1052 2498 1116 2537 uti)
1181 2498 1221 2532 8.
1259 2503 1272 2530 l
1310 2502 1382 2532 rodi
1405 2502 1410 2540 1
1433 2512 1523 2535 com-

114 2569 250 2600 mon-atis
275 2578 355 2608 erga
379 2556 428 2609 pr.
456 2575 490 2599 et
513 2577 607 2610 paene
643 2567 753 2600 H'ez'ss.
780 2567 941 2608 (meritis)
959 2573 988 2598 et
1006 2566 1077 2609 My.
1106 2568 1224 2609 (Gr-yn.
1253 2574 1525 2604 commemoratis

116 2646 193 2677 erga
207 2647 238 2678 p.
254 2637 295 2669 R.
323 2637 494 2669 boneficiis
521 2642 554 2668 et
574 2636 686 2678 paene)
737 2640 756 2667 3
784 2637 941 2667 anthioco
964 2636 969 2675 Ι
991 2647 1011 2667 a
1037 2646 1072 2667 se
1100 2635 1210 2678 Sz'qon.

1196 2704 1206 2729 l
1222 2705 1229 2731 l
1242 2700 1258 2713 ’ἰ

1533 260 1580 295 14

1562 456 1614 502 14
