1742 2902
224 812 244 845 2⁷1

202 1854 247 1888 10

330 136 405 171 100
679 131 782 162 Liber
806 129 917 160 XLII.
969 129 1031 169 (A.
1059 139 1092 160 u.
1122 137 1148 159 c.
1178 129 1274 170 583.)

271 261 476 303 postquam
508 253 545 287 in
576 251 853 288 Athamaniam
889 256 946 287 est
985 256 1270 298 transgressuS,
1315 251 1441 298 asperi
1477 263 1523 287 ac
1566 263 1686 300 prope

272 323 363 359 invii
395 322 478 365 soli,
509 333 593 356 eum
624 319 770 368 ingenti
801 319 1027 356 difficultate
1057 320 1187 368 parvis
1218 319 1415 356 itineribus
1445 320 1686 368 aegre'Gom-

273 393 369 440 phos
400 390 584 439 pervenit.
648 389 721 426 Cui
751 389 806 434 Si,
853 390 1002 426 vexatis
1032 389 1249 425 hominibus
1280 390 1482 437 equisque,
1526 390 1686 426 tironem

273 461 480 497 exercitum
514 459 678 503 ducenti,
709 459 790 495 acie
821 459 1005 494 instructa
1035 464 1070 494 et
1100 458 1185 494 loco
1216 471 1285 495 suo
1304 466 1340 495 et
1370 468 1542 507 tempore
1571 459 1687 496 obsti-

273 531 380 566 tisset
410 543 497 573 rex,
527 542 574 565 ne
596 530 761 566 Romani
794 528 945 576 quidem
979 528 1162 572 abnuunt,
1194 541 1335 576 magna
1365 541 1435 564 sua.
1466 541 1550 565 cum
1582 528 1688 566 clade

273 599 391 636 fuisse
421 606 670 647 pugnaturos.
750 599 963 644 Postquam
995 596 1198 644 Gomphos
1241 599 1320 634 sine
1364 598 1569 634 eei-tamine
1599 605 1688 634 ven—'

274 676 352 705 tum
385 677 454 712 est,
484 676 622 716 praeter
651 668 832 716 gaudium
866 667 1069 715 periculosi
1095 667 1215 703 saltus
1239 668 1422 715 superati,
1452 674 1690 716 contemptus

276 751 429 786 quoque
460 738 649 782 hostium,
694 738 792 773 adeo
831 737 1088 785 ignorantium
1135 736 1440 783 opportunitates
1471 749 1583 781 suas,
1628 749 1690 774 ac-

277 809 400 845 cessit.
460 808 658 844 Sacrificio
689 808 760 843 rite
792 807 984 854 perfeeto,
1015 805 1158 850 consul,
1190 812 1224 841 et
1256 805 1445 842 frumento
1473 807 1563 842 dato
1595 806 1690 843 mili-

277 878 400 921 tibus,
448 889 593 925 paucos
636 878 686 913 ad
731 877 900 924 requiem
932 876 1184 911 iumentorum
1217 875 1491 923 hominumque
1522 884 1691 913 moratus
1741 899 1742 902 =

277 947 379 991 dies,
426 959 509 982 cum
551 947 702 982 audiret
743 945 878 993 vagari
910 945 1146 980 Macedonas
1177 943 1319 980 effusos
1350 957 1418 992 per
1448 945 1691 983 Thessaliam
1740 943 1742 962 ³

277 1017 499 1064 vastarique
529 1017 719 1052 sociorum
753 1027 881 1063 agi-03,
913 1014 1006 1049 satis
1033 1014 1109 1050 iam
1140 1014 1323 1050 refectum
1356 1015 1510 1051 militem
1543 1015 1591 1051 ad
1616 1015 1692 1052 La-

276 1087 392 1122 risam
424 1087 536 1122 ducit.
602 1086 697 1122 Inde
727 1098 812 1121 cum
844 1085 918 1120 tria
948 1084 1053 1119 milia
1082 1084 1201 1120 ferme
1233 1085 1395 1130 abesset,
1426 1085 1473 1120 ad
1504 1085 1694 1133 Tripolim

283 1156 447 1204 (Scaeam
479 1155 636 1202 vocant)
689 1168 803 1203 super
837 1155 1005 1190 Peneum
1050 1166 1199 1189 amnem
1238 1155 1365 1202 posuit
1402 1161 1540 1190 castra.
1617 1155 1694 1191 Per

278 1226 377 1262 idem
425 1232 576 1273 tempus
618 1225 811 1261 Eumenes
854 1224 902 1259 ad
943 1222 1164 1259 Chalcidem
1209 1224 1372 1259 navibus
1410 1224 1571 1260 accessit
1609 1236 1693 1260 cum

279 1296 415 1332 Attalo
447 1295 574 1342 adque
607 1296 793 1331 Athenaeo
824 1294 1020 1336 fratribus,
1052 1293 1256 1329 Philetaero
1287 1294 1406 1330 fratre
1436 1294 1567 1330 relicto
1601 1295 1695 1330 Per-

279 1365 383 1413 gami
420 1365 468 1400 ad
514 1365 672 1401 tutelam
714 1364 833 1411 regni.
915 1362 1098 1399 Chalcide
1139 1374 1223 1398 cum
1255 1363 1389 1399 Attalo
1435 1370 1472 1399 et
1516 1369 1696 1410 quat-tuor

280 1435 431 1470 milibus
459 1434 654 1482 peditum,
700 1433 801 1469 mille
832 1433 998 1480 equitum
1039 1432 1087 1468 ad
1118 1433 1310 1468 consulem
1347 1432 1469 1477 veuit3
1513 1431 1694 1469 Chalcide

277 1505 410 1541 relicta
440 1505 516 1540 duo
558 1504 662 1540 milia
698 1503 890 1552 peditum,
929 1503 1065 1550 quibus
1095 1503 1306 1538 Athenaeus
1342 1503 1580 1551 praeposittts.
1645 1503 1696 1539 Et

279 1575 356 1610 alia
389 1574 522 1610 eodem
555 1574 700 1610 auxilia
730 1573 915 1609 Romanis
948 1585 995 1608 ex
1031 1573 1207 1607 omnibus
1241 1572 1406 1619 undique
1437 1572 1597 1610 Graeciae
1627 1584 1694 1620 po-

280 1643 378 1691 pulis
409 1650 680 1688 convenerunt,
709 1656 869 1690 quorum
902 1642 1086 1690 pleraque
1119 1642 1234 1688 (adeo
1265 1654 1387 1690 parva
1404 1644 1528 1689 erant)
1559 1643 1597 1678 in
1628 1642 1694 1678 ob-

279 1713 460 1748 livionem
495 1713 673 1748 adducta.
733 1712 993 1760 Apolloniatae
1023 1719 1214 1747 trecentos
1248 1712 1417 1759 equites,
1450 1719 1598 1748 centum
1630 1724 1695 1760 pe-

280 1782 376 1818 dites
409 1783 604 1821 miserunt.
662 1782 885 1818 AEtolorum
918 1781 987 1817 alae
1018 1781 1128 1817 unius
1157 1781 1289 1824 instar,
1321 1790 1502 1829 quantum
1535 1783 1583 1818 ab
1615 1787 1695 1819 tota

279 1859 392 1900 gente
415 1852 584 1899 equitum
605 1858 775 1895 venerat,
808 1858 843 1886 et
860 1851 1158 1895 Thessalorum,
1190 1864 1339 1898 quorum
1359 1852 1480 1887 omnis
1506 1852 1696 1899 equitatus

280 1929 456 1971 speratus
497 1927 600 1967 erat,
643 1934 720 1957 non
759 1921 843 1969 plus
877 1934 991 1969 quam
1025 1919 1124 1957 CCC
1163 1928 1271 1957 erant
1301 1921 1446 1968 equites
1483 1921 1522 1957 in
1563 1921 1696 1958 castris

281 2073 314 2108 2,
342 2078 359 2104 2
387 2073 620 2104 achamaniam
639 2072 641 2114 j
658 2071 784 2111 asperis
823 2074 842 2101 3
870 2070 1023 2101 iuuisolis
1040 2070 1290 2111 Jdisficultatem
1308 2071 1309 2074 ’
1327 2080 1404 2109 ogre
1431 2081 1568 2111 compos
1616 2071 1649 2109 3,
1679 2074 1692 2102 1

281 2131 476 2162 hominibus
514 2138 546 2161 et
572 2130 713 2169 quisque
764 2132 782 2158 2
811 2133 843 2158 et
868 2128 942 2158 loca
968 2137 1029 2157 sua
1079 2131 1098 2157 4
1125 2129 1214 2158 uisse
1243 2136 1452 2168 pugnaturos
1510 2128 1543 2165 4,
1575 2132 1588 2159 1
1618 2137 1697 2159 con·

283 2198 345 2228 pos
411 2192 428 2218 2
456 2187 646 2228 periculoso
670 2187 675 2227 Ι
698 2191 876 2216 contentus
935 2189 954 2215 3
990 2185 1134 2215 hostium
1165 2186 1206 2215 nd
1233 2196 1296 2223 ego
1323 2186 1552 2225 ignorantium
1619 2185 1650 2223 5,
1675 2187 1695 2216 3

285 2254 392 2286 effuso
419 2266 477 2296 per
503 2255 666 2286 thessalia
727 2256 758 2292 6,
790 2257 802 2284 l
840 2255 960 2284 adesse
981 2252 987 2294 Ι
1010 2241 1040 2284 ai
1068 2254 1177 2294 tripoli
1210 2252 1308 2285 Gran.
1351 2254 1437 2293 (Em.
1464 2254 1546 2285 540.
1597 2253 1694 2295 Gryn.

284 2312 389 2351 Inde,
418 2323 493 2343 cum
523 2330 565 2336 —
592 2313 725 2343 abesset
759 2322 778 2341 a
804 2311 950 2352 Tripoli)
1001 2315 1019 2342 ‘2
1050 2321 1163 2342 secam
1188 2311 1192 2350 Ι
1215 2321 1367 2351 paencum
1428 2310 1458 2349 7,
1487 2315 1504 2341 2
1533 2311 1697 2342 calcidem

1017 2369 1044 2391 te
1062 2385 1066 2389 .

286 2409 305 2435 3
334 2405 447 2435 adtalo
469 2405 474 2443 Ι
497 2405 640 2435 atheneo
663 2403 668 2445 Ι
690 2404 859 2445 philatero
914 2407 934 2434 4
960 2392 1109 2434 adtulcm
1133 2404 1138 2442 1
1161 2403 1313 2434 calchide
1363 2403 1478 2445 (Gryn.
1506 2403 1590 2434 Inde
1628 2402 1694 2442 Cfr.

285 2461 357 2493 Em.
388 2461 460 2492 540
487 2462 534 2497 η.)
603 2463 640 2498 ὃ,
679 2465 690 2492 l
728 2462 879 2491 calchide
937 2465 955 2492 2
993 2461 1155 2491 atheneus
1186 2468 1308 2501 praetot·
1337 2461 1538 2502 praepositus
1572 2461 1641 2491 alia
1666 2463 1698 2492 et

286 2520 403 2549 eodem
455 2523 475 2548 4
502 2520 587 2549 :idco
614 2525 796 2558 paruerunt
838 2520 869 2555 9,
901 2522 911 2549 l
945 2519 1151 2559 apolloniam
1199 2522 1217 2548 2
1244 2530 1310 2558 sqq.
1338 2519 1514 2549 aetolorum
1541 2518 1628 2548 male
1654 2532 1695 2540 -

286 2582 447 2617 quantum
488 2576 530 2606 ad
566 2582 636 2606 tota
671 2583 770 2615 geute
809 2576 954 2617 equitem
991 2582 1061 2606 erat
1094 2582 1256 2606 uenerant:
1288 2582 1321 2606 et
1355 2575 1553 2606 tessalorum
1589 2574 1698 2606 omnis
1730 2579 1732 2582 ’

287 2634 454 2674 equitatus
480 2639 597 2674 partus
614 2640 740 2663 orut—
767 2643 822 2664 ccc
850 2640 945 2664 crunt
975 2635 1084 2672 adque
1119 2634 1152 2662 in
1183 2634 1299 2663 castris
1333 2643 1493 2664 romanos
1525 2632 1634 2663 JJJ-alc.
1671 2635 1699 2662 et
