<?xml version="1.0" encoding="UTF-8"?>
<!DOCTYPE html PUBLIC "-//W3C//DTD XHTML 1.0 Transitional//EN"
    "http://www.w3.org/TR/xhtml1/DTD/xhtml1-transitional.dtd">
<html xmlns="http://www.w3.org/1999/xhtml" xml:lang="en" lang="en">
 <head>
  <title>
</title>
<meta http-equiv="Content-Type" content="text/html;charset=utf-8" />
  <meta name='ocr-system' content='tesseract 3.04.00' />
  <meta name='ocr-capabilities' content='ocr_page ocr_carea ocr_par ocr_line ocrx_word'/>
</head>
<body>
  <div class='ocr_page' id='page_1' title='image "./p1historiarumrom04livyuoft_0173.png"; bbox 0 0 1796 2929; ppageno 0'>
   <div class='ocr_carea' id='block_1_1' title="bbox 556 131 1478 171">
    <p class='ocr_par' dir='ltr' id='par_1_1' title="bbox 556 131 1478 171">
     <span class='ocr_line' id='line_1_1' title="bbox 556 131 1478 171; baseline 0 -8"><span class='ocrx_word' id='word_1_1' title='bbox 556 133 658 164; x_wconf 71' lang='lat' dir='ltr'>Liber</span> <span class='ocrx_word' id='word_1_2' title='bbox 672 131 798 163; x_wconf 53' lang='lat' dir='ltr'>xr2111.</span> <span class='ocrx_word' id='word_1_3' title='bbox 826 133 887 167; x_wconf 78' lang='lat' dir='ltr'>(A.</span> <span class='ocrx_word' id='word_1_4' title='bbox 908 131 988 163; x_wconf 72' lang='lat' dir='ltr'>Chr.</span> <span class='ocrx_word' id='word_1_5' title='bbox 1013 133 1106 171; x_wconf 80' lang='lat'>169.)</span> <span class='ocrx_word' id='word_1_6' title='bbox 1411 135 1478 169; x_wconf 84' lang='lat'>141</span> 
     </span>
    </p>
   </div>
   <div class='ocr_carea' id='block_1_2' title="bbox 129 253 1549 1975">
    <p class='ocr_par' dir='ltr' id='par_1_2' title="bbox 129 253 1542 930">
     <span class='ocr_line' id='line_1_2' title="bbox 130 253 1541 305; baseline -0.004 -12"><span class='ocrx_word' id='word_1_7' title='bbox 130 257 321 293; x_wconf 74' lang='lat' dir='ltr'>nicatoras</span> <span class='ocrx_word' id='word_1_8' title='bbox 351 257 558 305; x_wconf 78' lang='lat' dir='ltr'>appellant,</span> <span class='ocrx_word' id='word_1_9' title='bbox 587 256 831 298; x_wconf 73' lang='lat' dir='ltr'>transcendit,</span> <span class='ocrx_word' id='word_1_10' title='bbox 862 263 897 292; x_wconf 89' lang='lat' dir='ltr'>et</span> <span class='ocrx_word' id='word_1_11' title='bbox 928 256 1040 292; x_wconf 70' lang='lat' dir='ltr'>scalis</span> <span class='ocrx_word' id='word_1_12' title='bbox 1061 254 1188 290; x_wconf 89' lang='lat' dir='ltr'>multis</span> <span class='ocrx_word' id='word_1_13' title='bbox 1220 253 1334 290; x_wconf 88' lang='lat' dir='ltr'>simul</span> <span class='ocrx_word' id='word_1_14' title='bbox 1365 253 1541 301; x_wconf 84' lang='lat' dir='ltr'>partibus</span> 
     </span>
     <span class='ocr_line' id='line_1_3' title="bbox 129 323 1533 374; baseline -0.002 -13"><span class='ocrx_word' id='word_1_15' title='bbox 129 326 280 374; x_wconf 83' lang='lat' dir='ltr'>inpetus</span> <span class='ocrx_word' id='word_1_16' title='bbox 320 327 355 362; x_wconf 91' lang='lat' dir='ltr'>in</span> <span class='ocrx_word' id='word_1_17' title='bbox 386 327 518 362; x_wconf 89' lang='lat' dir='ltr'>urbem</span> <span class='ocrx_word' id='word_1_18' title='bbox 550 332 606 362; x_wconf 80' lang='lat' dir='ltr'>est</span> <span class='ocrx_word' id='word_1_19' title='bbox 638 325 773 362; x_wconf 82' lang='lat' dir='ltr'>factus.</span> <span class='ocrx_word' id='word_1_20' title='bbox 839 327 1010 362; x_wconf 82' lang='lat' dir='ltr'>Puberes</span> <span class='ocrx_word' id='word_1_21' title='bbox 1049 336 1180 359; x_wconf 89' lang='lat' dir='ltr'>omnes</span> <span class='ocrx_word' id='word_1_22' title='bbox 1211 323 1399 361; x_wconf 82' lang='lat' dir='ltr'>interfecti</span> <span class='ocrx_word' id='word_1_23' title='bbox 1429 330 1533 364; x_wconf 75' lang='lat' dir='ltr'>sunt:</span> 
     </span>
     <span class='ocr_line' id='line_1_4' title="bbox 131 393 1542 444; baseline -0.001 -13"><span class='ocrx_word' id='word_1_24' title='bbox 131 396 310 444; x_wconf 82' lang='lat' dir='ltr'>coniuges</span> <span class='ocrx_word' id='word_1_25' title='bbox 353 396 569 443; x_wconf 87' lang='lat' dir='ltr'>liberosque</span> <span class='ocrx_word' id='word_1_26' title='bbox 609 408 739 431; x_wconf 90' lang='lat' dir='ltr'>eorum</span> <span class='ocrx_word' id='word_1_27' title='bbox 785 395 820 431; x_wconf 92' lang='lat' dir='ltr'>in</span> <span class='ocrx_word' id='word_1_28' title='bbox 862 395 1072 431; x_wconf 81' lang='lat' dir='ltr'>custodiam</span> <span class='ocrx_word' id='word_1_29' title='bbox 1113 394 1236 433; x_wconf 83' lang='lat' dir='ltr'>dedit:</span> <span class='ocrx_word' id='word_1_30' title='bbox 1282 393 1419 442; x_wconf 83' lang='lat' dir='ltr'>praedae</span> <span class='ocrx_word' id='word_1_31' title='bbox 1465 393 1542 429; x_wconf 80' lang='lat' dir='ltr'>alia</span> 
     </span>
     <span class='ocr_line' id='line_1_5' title="bbox 132 463 1535 502; baseline -0.001 -2"><span class='ocrx_word' id='word_1_32' title='bbox 132 465 290 500; x_wconf 92' lang='lat' dir='ltr'>militum</span> <span class='ocrx_word' id='word_1_33' title='bbox 323 477 480 501; x_wconf 87' lang='lat' dir='ltr'>cessere.</span> <span class='ocrx_word' id='word_1_34' title='bbox 546 464 768 502; x_wconf 80' lang='lat' dir='ltr'>Stuberram</span> <span class='ocrx_word' id='word_1_35' title='bbox 800 464 887 500; x_wconf 90' lang='lat' dir='ltr'>inde</span> <span class='ocrx_word' id='word_1_36' title='bbox 917 464 1040 499; x_wconf 88' lang='lat' dir='ltr'>victor</span> <span class='ocrx_word' id='word_1_37' title='bbox 1069 470 1263 498; x_wconf 77' lang='lat' dir='ltr'>revertens</span> <span class='ocrx_word' id='word_1_38' title='bbox 1284 464 1332 499; x_wconf 83' lang='lat' dir='ltr'>ad</span> <span class='ocrx_word' id='word_1_39' title='bbox 1355 463 1535 500; x_wconf 87' lang='lat' dir='ltr'>Gentium</span> 
     </span>
     <span class='ocr_line' id='line_1_6' title="bbox 130 534 1540 582; baseline 0 -13"><span class='ocrx_word' id='word_1_40' title='bbox 130 534 289 582; x_wconf 75' lang='lat' dir='ltr'>legatos,</span> <span class='ocrx_word' id='word_1_41' title='bbox 317 534 538 570; x_wconf 83' lang='lat' dir='ltr'>Pleuratum</span> <span class='ocrx_word' id='word_1_42' title='bbox 572 534 766 581; x_wconf 79' lang='lat' dir='ltr'>Illyrium.</span> <span class='ocrx_word' id='word_1_43' title='bbox 814 534 1030 570; x_wconf 81' lang='lat' dir='ltr'>exulantem</span> <span class='ocrx_word' id='word_1_44' title='bbox 1063 539 1154 580; x_wconf 83' lang='lat' dir='ltr'>aput</span> <span class='ocrx_word' id='word_1_45' title='bbox 1192 545 1251 571; x_wconf 77' lang='lat' dir='ltr'>se.</span> <span class='ocrx_word' id='word_1_46' title='bbox 1297 540 1333 568; x_wconf 88' lang='lat' dir='ltr'>et</span> <span class='ocrx_word' id='word_1_47' title='bbox 1363 534 1540 576; x_wconf 75' lang='lat' dir='ltr'>Adaeum,</span> 
     </span>
     <span class='ocr_line' id='line_1_7' title="bbox 130 603 1541 650; baseline 0.001 -12"><span class='ocrx_word' id='word_1_48' title='bbox 130 603 380 638; x_wconf 82' lang='lat' dir='ltr'>Macedonem</span> <span class='ocrx_word' id='word_1_49' title='bbox 418 616 440 638; x_wconf 88' lang='lat' dir='ltr'>a</span> <span class='ocrx_word' id='word_1_50' title='bbox 471 604 621 643; x_wconf 80' lang='lat' dir='ltr'>Beroea,</span> <span class='ocrx_word' id='word_1_51' title='bbox 654 604 777 640; x_wconf 89' lang='lat' dir='ltr'>mittit.</span> <span class='ocrx_word' id='word_1_52' title='bbox 825 604 878 640; x_wconf 85' lang='lat' dir='ltr'>Iis</span> <span class='ocrx_word' id='word_1_53' title='bbox 907 603 1076 641; x_wconf 81' lang='lat' dir='ltr'>mandat.</span> <span class='ocrx_word' id='word_1_54' title='bbox 1109 608 1147 637; x_wconf 92' lang='lat' dir='ltr'>ut</span> <span class='ocrx_word' id='word_1_55' title='bbox 1165 610 1400 650; x_wconf 81' lang='lat' dir='ltr'>exponerent</span> <span class='ocrx_word' id='word_1_56' title='bbox 1431 609 1541 639; x_wconf 71' lang='lat' dir='ltr'>aesta-</span> 
     </span>
     <span class='ocr_line' id='line_1_8' title="bbox 132 670 1540 723; baseline 0.001 -16"><span class='ocrx_word' id='word_1_57' title='bbox 132 672 179 708; x_wconf 85' lang='lat' dir='ltr'>tis</span> <span class='ocrx_word' id='word_1_58' title='bbox 209 672 288 708; x_wconf 91' lang='lat' dir='ltr'>eius</span> <span class='ocrx_word' id='word_1_59' title='bbox 319 670 566 723; x_wconf 84' lang='lat' dir='ltr'>[hiemisque]</span> <span class='ocrx_word' id='word_1_60' title='bbox 600 680 687 710; x_wconf 82' lang='lat' dir='ltr'>acta</span> <span class='ocrx_word' id='word_1_61' title='bbox 721 686 791 710; x_wconf 86' lang='lat' dir='ltr'>sua</span> <span class='ocrx_word' id='word_1_62' title='bbox 822 673 1005 709; x_wconf 86' lang='lat' dir='ltr'>adversus</span> <span class='ocrx_word' id='word_1_63' title='bbox 1023 674 1218 709; x_wconf 84' lang='lat' dir='ltr'>Romanos</span> <span class='ocrx_word' id='word_1_64' title='bbox 1242 673 1540 720; x_wconf 72' lang='lat' dir='ltr'>Dardanosque.</span> 
     </span>
     <span class='ocr_line' id='line_1_9' title="bbox 131 742 1542 792; baseline -0.001 -14"><span class='ocrx_word' id='word_1_65' title='bbox 131 742 537 779; x_wconf 54' lang='lat' dir='ltr'>adicerentmecentia</span> <span class='ocrx_word' id='word_1_66' title='bbox 585 744 622 779; x_wconf 89' lang='lat' dir='ltr'>in</span> <span class='ocrx_word' id='word_1_67' title='bbox 668 744 822 792; x_wconf 85' lang='lat' dir='ltr'>Illyrico</span> <span class='ocrx_word' id='word_1_68' title='bbox 872 743 1040 779; x_wconf 87' lang='lat' dir='ltr'>hibernae</span> <span class='ocrx_word' id='word_1_69' title='bbox 1095 742 1348 789; x_wconf 83' lang='lat' dir='ltr'>expeditionis</span> <span class='ocrx_word' id='word_1_70' title='bbox 1401 754 1542 790; x_wconf 87' lang='lat' dir='ltr'>opera;</span> 
     </span>
     <span class='ocr_line' id='line_1_10' title="bbox 130 812 1538 849; baseline -0.001 -1"><span class='ocrx_word' id='word_1_71' title='bbox 130 812 376 848; x_wconf 81' lang='lat' dir='ltr'>hortarentur</span> <span class='ocrx_word' id='word_1_72' title='bbox 405 812 587 849; x_wconf 89' lang='lat' dir='ltr'>Gentium</span> <span class='ocrx_word' id='word_1_73' title='bbox 619 813 656 848; x_wconf 91' lang='lat' dir='ltr'>in</span> <span class='ocrx_word' id='word_1_74' title='bbox 687 813 892 849; x_wconf 82' lang='lat' dir='ltr'>amicitiam</span> <span class='ocrx_word' id='word_1_75' title='bbox 926 824 1053 848; x_wconf 87' lang='lat' dir='ltr'>secum</span> <span class='ocrx_word' id='word_1_76' title='bbox 1086 818 1122 848; x_wconf 88' lang='lat' dir='ltr'>et</span> <span class='ocrx_word' id='word_1_77' title='bbox 1156 825 1239 849; x_wconf 90' lang='lat' dir='ltr'>cum</span> <span class='ocrx_word' id='word_1_78' title='bbox 1259 812 1538 848; x_wconf 82' lang='lat' dir='ltr'>Macedonibus</span> 
     </span>
     <span class='ocr_line' id='line_1_11' title="bbox 131 882 374 930; baseline 0.004 -13"><span class='ocrx_word' id='word_1_79' title='bbox 131 882 374 930; x_wconf 85' lang='lat' dir='ltr'>iungendam.</span> 
     </span>
    </p>

    <p class='ocr_par' dir='ltr' id='par_1_3' title="bbox 130 950 1549 1975">
     <span class='ocr_line' id='line_1_12' title="bbox 243 950 1540 999; baseline -0.002 -12"><span class='ocrx_word' id='word_1_80' title='bbox 243 952 293 987; x_wconf 91' lang='lat' dir='ltr'>Hi</span> <span class='ocrx_word' id='word_1_81' title='bbox 325 952 554 999; x_wconf 75' lang='lat' dir='ltr'>transgressi</span> <span class='ocrx_word' id='word_1_82' title='bbox 591 952 720 999; x_wconf 82' lang='lat' dir='ltr'>iugum</span> <span class='ocrx_word' id='word_1_83' title='bbox 749 950 885 988; x_wconf 83' lang='lat' dir='ltr'>Scordi</span> <span class='ocrx_word' id='word_1_84' title='bbox 916 952 1076 989; x_wconf 83' lang='lat' dir='ltr'>montis.</span> <span class='ocrx_word' id='word_1_85' title='bbox 1122 964 1189 999; x_wconf 88' lang='lat' dir='ltr'>per</span> <span class='ocrx_word' id='word_1_86' title='bbox 1220 950 1365 999; x_wconf 85' lang='lat' dir='ltr'>Illyrici</span> <span class='ocrx_word' id='word_1_87' title='bbox 1408 950 1540 986; x_wconf 85' lang='lat' dir='ltr'>solitu-</span> 
     </span>
     <span class='ocr_line' id='line_1_13' title="bbox 130 1019 1543 1069; baseline -0.001 -13"><span class='ocrx_word' id='word_1_88' title='bbox 130 1021 249 1065; x_wconf 61' lang='lat' dir='ltr'>dine-³,</span> <span class='ocrx_word' id='word_1_89' title='bbox 281 1033 376 1068; x_wconf 86' lang='lat' dir='ltr'>quas</span> <span class='ocrx_word' id='word_1_90' title='bbox 407 1034 528 1069; x_wconf 85' lang='lat' dir='ltr'>nuper</span> <span class='ocrx_word' id='word_1_91' title='bbox 554 1021 598 1056; x_wconf 81' lang='lat' dir='ltr'>de</span> <span class='ocrx_word' id='word_1_92' title='bbox 626 1021 813 1057; x_wconf 85' lang='lat' dir='ltr'>industria</span> <span class='ocrx_word' id='word_1_93' title='bbox 844 1020 1067 1069; x_wconf 84' lang='lat' dir='ltr'>populando</span> <span class='ocrx_word' id='word_1_94' title='bbox 1094 1021 1328 1057; x_wconf 84' lang='lat' dir='ltr'>Macedones</span> <span class='ocrx_word' id='word_1_95' title='bbox 1359 1019 1543 1059; x_wconf 77' lang='lat' dir='ltr'>fecerant.</span> 
     </span>
     <span class='ocr_line' id='line_1_14' title="bbox 131 1089 1542 1138; baseline -0.001 -11"><span class='ocrx_word' id='word_1_96' title='bbox 131 1103 178 1126; x_wconf 89' lang='lat' dir='ltr'>ne</span> <span class='ocrx_word' id='word_1_97' title='bbox 220 1092 400 1127; x_wconf 84' lang='lat' dir='ltr'>transitus</span> <span class='ocrx_word' id='word_1_98' title='bbox 444 1090 577 1127; x_wconf 80' lang='lat' dir='ltr'>faciles</span> <span class='ocrx_word' id='word_1_99' title='bbox 619 1090 814 1126; x_wconf 88' lang='lat' dir='ltr'>Dardanis</span> <span class='ocrx_word' id='word_1_100' title='bbox 854 1091 891 1125; x_wconf 89' lang='lat' dir='ltr'>in</span> <span class='ocrx_word' id='word_1_101' title='bbox 928 1090 1121 1138; x_wconf 86' lang='lat' dir='ltr'>Illyricum</span> <span class='ocrx_word' id='word_1_102' title='bbox 1165 1096 1231 1126; x_wconf 88' lang='lat' dir='ltr'>aut</span> <span class='ocrx_word' id='word_1_103' title='bbox 1275 1089 1542 1126; x_wconf 86' lang='lat' dir='ltr'>Macedoniam</span> 
     </span>
     <span class='ocr_line' id='line_1_15' title="bbox 131 1159 1544 1208; baseline -0.003 -11"><span class='ocrx_word' id='word_1_104' title='bbox 131 1167 277 1203; x_wconf 80' lang='lat' dir='ltr'>essent.</span> <span class='ocrx_word' id='word_1_105' title='bbox 323 1161 508 1199; x_wconf 81' lang='lat' dir='ltr'>Scodram</span> <span class='ocrx_word' id='word_1_106' title='bbox 554 1160 686 1197; x_wconf 88' lang='lat' dir='ltr'>labore</span> <span class='ocrx_word' id='word_1_107' title='bbox 725 1160 869 1208; x_wconf 84' lang='lat' dir='ltr'>ingenti</span> <span class='ocrx_word' id='word_1_108' title='bbox 911 1160 1064 1196; x_wconf 86' lang='lat' dir='ltr'>tandem</span> <span class='ocrx_word' id='word_1_109' title='bbox 1099 1167 1368 1208; x_wconf 87' lang='lat' dir='ltr'>pervenerunt.</span> <span class='ocrx_word' id='word_1_110' title='bbox 1444 1159 1544 1196; x_wconf 81' lang='lat' dir='ltr'>Lissi</span> 
     </span>
     <span class='ocr_line' id='line_1_16' title="bbox 131 1230 1543 1279; baseline -0.002 -12"><span class='ocrx_word' id='word_1_111' title='bbox 131 1243 200 1267; x_wconf 89' lang='lat' dir='ltr'>rex</span> <span class='ocrx_word' id='word_1_112' title='bbox 230 1230 393 1267; x_wconf 87' lang='lat' dir='ltr'>Gentius</span> <span class='ocrx_word' id='word_1_113' title='bbox 424 1237 516 1267; x_wconf 79' lang='lat' dir='ltr'>erat.</span> <span class='ocrx_word' id='word_1_114' title='bbox 598 1230 656 1266; x_wconf 85' lang='lat' dir='ltr'>Eo</span> <span class='ocrx_word' id='word_1_115' title='bbox 692 1230 802 1266; x_wconf 82' lang='lat' dir='ltr'>aec-iti</span> <span class='ocrx_word' id='word_1_116' title='bbox 832 1230 961 1278; x_wconf 73' lang='lat' dir='ltr'>legati,</span> <span class='ocrx_word' id='word_1_117' title='bbox 993 1230 1178 1266; x_wconf 85' lang='lat' dir='ltr'>mandata</span> <span class='ocrx_word' id='word_1_118' title='bbox 1208 1235 1444 1279; x_wconf 84' lang='lat' dir='ltr'>exponentes</span> <span class='ocrx_word' id='word_1_119' title='bbox 1473 1230 1543 1265; x_wconf 87' lang='lat' dir='ltr'>be-</span> 
     </span>
     <span class='ocr_line' id='line_1_17' title="bbox 132 1298 1545 1348; baseline -0.001 -14"><span class='ocrx_word' id='word_1_120' title='bbox 132 1298 245 1347; x_wconf 87' lang='lat' dir='ltr'>nigne</span> <span class='ocrx_word' id='word_1_121' title='bbox 279 1299 397 1335; x_wconf 80' lang='lat' dir='ltr'>auditi</span> <span class='ocrx_word' id='word_1_122' title='bbox 437 1306 524 1336; x_wconf 85' lang='lat' dir='ltr'>sunt</span> <span class='ocrx_word' id='word_1_123' title='bbox 561 1299 735 1347; x_wconf 87' lang='lat' dir='ltr'>quidem;</span> <span class='ocrx_word' id='word_1_124' title='bbox 780 1312 1005 1348; x_wconf 81' lang='lat' dir='ltr'>responsum</span> <span class='ocrx_word' id='word_1_125' title='bbox 1053 1300 1133 1336; x_wconf 86' lang='lat' dir='ltr'>sine</span> <span class='ocrx_word' id='word_1_126' title='bbox 1178 1299 1314 1336; x_wconf 86' lang='lat' dir='ltr'>effectu</span> <span class='ocrx_word' id='word_1_127' title='bbox 1359 1298 1545 1334; x_wconf 87' lang='lat' dir='ltr'>tulerunt:</span> 
     </span>
     <span class='ocr_line' id='line_1_18' title="bbox 134 1368 1543 1424; baseline 0 -20"><span class='ocrx_word' id='word_1_128' title='bbox 134 1368 382 1405; x_wconf 87' lang='lat' dir='ltr'>Voluntatem</span> <span class='ocrx_word' id='word_1_129' title='bbox 414 1369 485 1405; x_wconf 85' lang='lat' dir='ltr'>sibi</span> <span class='ocrx_word' id='word_1_130' title='bbox 515 1382 592 1424; x_wconf 81' lang='lat' dir='ltr'>non</span> <span class='ocrx_word' id='word_1_131' title='bbox 623 1370 756 1406; x_wconf 86' lang='lat' dir='ltr'>deesse</span> <span class='ocrx_word' id='word_1_132' title='bbox 785 1369 835 1405; x_wconf 81' lang='lat' dir='ltr'>ad</span> <span class='ocrx_word' id='word_1_133' title='bbox 866 1369 1085 1405; x_wconf 90' lang='lat' dir='ltr'>bellandum</span> <span class='ocrx_word' id='word_1_134' title='bbox 1119 1381 1203 1405; x_wconf 88' lang='lat' dir='ltr'>cum</span> <span class='ocrx_word' id='word_1_135' title='bbox 1237 1369 1444 1412; x_wconf 83' lang='lat' dir='ltr'>Romanis3</span> <span class='ocrx_word' id='word_1_136' title='bbox 1484 1380 1543 1403; x_wconf 83' lang='lat' dir='ltr'>ce-</span> 
     </span>
     <span class='ocr_line' id='line_1_19' title="bbox 134 1438 1542 1486; baseline 0.001 -13"><span class='ocrx_word' id='word_1_137' title='bbox 134 1443 256 1473; x_wconf 87' lang='lat' dir='ltr'>terum</span> <span class='ocrx_word' id='word_1_138' title='bbox 288 1438 335 1473; x_wconf 89' lang='lat' dir='ltr'>ad</span> <span class='ocrx_word' id='word_1_139' title='bbox 367 1439 580 1474; x_wconf 83' lang='lat' dir='ltr'>conandum</span> <span class='ocrx_word' id='word_1_140' title='bbox 616 1439 665 1482; x_wconf 72' lang='lat' dir='ltr'>id,</span> <span class='ocrx_word' id='word_1_141' title='bbox 699 1438 799 1486; x_wconf 85' lang='lat' dir='ltr'>quod</span> <span class='ocrx_word' id='word_1_142' title='bbox 833 1438 937 1482; x_wconf 77' lang='lat' dir='ltr'>velit,</span> <span class='ocrx_word' id='word_1_143' title='bbox 967 1438 1169 1486; x_wconf 85' lang='lat' dir='ltr'>pecuniam</span> <span class='ocrx_word' id='word_1_144' title='bbox 1200 1438 1368 1474; x_wconf 84' lang='lat' dir='ltr'>maxime</span> <span class='ocrx_word' id='word_1_145' title='bbox 1399 1439 1542 1475; x_wconf 87' lang='lat' dir='ltr'>deesse.</span> 
     </span>
     <span class='ocr_line' id='line_1_20' title="bbox 134 1506 1545 1556; baseline -0.001 -13"><span class='ocrx_word' id='word_1_146' title='bbox 134 1508 229 1543; x_wconf 78' lang='lat' dir='ltr'>Haee</span> <span class='ocrx_word' id='word_1_147' title='bbox 260 1507 482 1544; x_wconf 88' lang='lat' dir='ltr'>Stuberram</span> <span class='ocrx_word' id='word_1_148' title='bbox 514 1508 692 1544; x_wconf 88' lang='lat' dir='ltr'>rettulere</span> <span class='ocrx_word' id='word_1_149' title='bbox 721 1508 814 1556; x_wconf 75' lang='lat' dir='ltr'>regi,</span> <span class='ocrx_word' id='word_1_150' title='bbox 861 1514 939 1544; x_wconf 89' lang='lat' dir='ltr'>tum</span> <span class='ocrx_word' id='word_1_151' title='bbox 972 1509 1141 1544; x_wconf 84' lang='lat' dir='ltr'>maxime</span> <span class='ocrx_word' id='word_1_152' title='bbox 1171 1508 1346 1556; x_wconf 79' lang='lat' dir='ltr'>captivos</span> <span class='ocrx_word' id='word_1_153' title='bbox 1378 1519 1425 1542; x_wconf 82' lang='lat' dir='ltr'>ex</span> <span class='ocrx_word' id='word_1_154' title='bbox 1453 1506 1545 1555; x_wconf 83' lang='lat' dir='ltr'>Illy-</span> 
     </span>
     <span class='ocr_line' id='line_1_21' title="bbox 135 1575 1548 1626; baseline -0.001 -13"><span class='ocrx_word' id='word_1_155' title='bbox 135 1577 213 1613; x_wconf 88' lang='lat' dir='ltr'>rico</span> <span class='ocrx_word' id='word_1_156' title='bbox 253 1577 446 1615; x_wconf 80' lang='lat' dir='ltr'>vendenti.</span> <span class='ocrx_word' id='word_1_157' title='bbox 531 1577 738 1626; x_wconf 86' lang='lat' dir='ltr'>Extemplo</span> <span class='ocrx_word' id='word_1_158' title='bbox 782 1577 895 1613; x_wconf 90' lang='lat' dir='ltr'>iidem</span> <span class='ocrx_word' id='word_1_159' title='bbox 934 1577 1076 1626; x_wconf 80' lang='lat' dir='ltr'>legati,</span> <span class='ocrx_word' id='word_1_160' title='bbox 1125 1577 1256 1613; x_wconf 82' lang='lat' dir='ltr'>addito</span> <span class='ocrx_word' id='word_1_161' title='bbox 1289 1575 1458 1614; x_wconf 84' lang='lat' dir='ltr'>Glaucia</span> <span class='ocrx_word' id='word_1_162' title='bbox 1500 1588 1548 1611; x_wconf 89' lang='lat' dir='ltr'>ex</span> 
     </span>
     <span class='ocr_line' id='line_1_22' title="bbox 137 1645 1547 1699; baseline -0.001 -17"><span class='ocrx_word' id='word_1_163' title='bbox 137 1659 295 1682; x_wconf 90' lang='lat' dir='ltr'>numero</span> <span class='ocrx_word' id='word_1_164' title='bbox 326 1648 537 1699; x_wconf 83' lang='lat' dir='ltr'>custodum</span> <span class='ocrx_word' id='word_1_165' title='bbox 556 1647 740 1695; x_wconf 78' lang='lat' dir='ltr'>corporis,</span> <span class='ocrx_word' id='word_1_166' title='bbox 769 1647 1013 1683; x_wconf 87' lang='lat' dir='ltr'>remittuntur</span> <span class='ocrx_word' id='word_1_167' title='bbox 1044 1647 1125 1683; x_wconf 90' lang='lat' dir='ltr'>sine</span> <span class='ocrx_word' id='word_1_168' title='bbox 1141 1647 1336 1683; x_wconf 89' lang='lat' dir='ltr'>mentione</span> <span class='ocrx_word' id='word_1_169' title='bbox 1364 1645 1547 1694; x_wconf 78' lang='lat' dir='ltr'>pecuniae,</span> 
     </span>
     <span class='ocr_line' id='line_1_23' title="bbox 136 1716 1547 1765; baseline -0.001 -13"><span class='ocrx_word' id='word_1_170' title='bbox 136 1728 213 1764; x_wconf 86' lang='lat' dir='ltr'>qua</span> <span class='ocrx_word' id='word_1_171' title='bbox 243 1728 319 1752; x_wconf 88' lang='lat' dir='ltr'>una</span> <span class='ocrx_word' id='word_1_172' title='bbox 348 1717 537 1753; x_wconf 82' lang='lat' dir='ltr'>barbarus</span> <span class='ocrx_word' id='word_1_173' title='bbox 566 1717 676 1765; x_wconf 90' lang='lat' dir='ltr'>inops</span> <span class='ocrx_word' id='word_1_174' title='bbox 705 1717 833 1765; x_wconf 87' lang='lat' dir='ltr'>inpelli</span> <span class='ocrx_word' id='word_1_175' title='bbox 865 1717 913 1752; x_wconf 89' lang='lat' dir='ltr'>ad</span> <span class='ocrx_word' id='word_1_176' title='bbox 943 1716 1083 1753; x_wconf 87' lang='lat' dir='ltr'>bellum</span> <span class='ocrx_word' id='word_1_177' title='bbox 1116 1722 1280 1765; x_wconf 86' lang='lat' dir='ltr'>poterat.</span> <span class='ocrx_word' id='word_1_178' title='bbox 1349 1717 1547 1764; x_wconf 83' lang='lat' dir='ltr'>Ancyram</span> 
     </span>
     <span class='ocr_line' id='line_1_24' title="bbox 134 1785 1549 1834; baseline -0.001 -12"><span class='ocrx_word' id='word_1_179' title='bbox 134 1786 221 1822; x_wconf 84' lang='lat' dir='ltr'>inde</span> <span class='ocrx_word' id='word_1_180' title='bbox 251 1786 456 1834; x_wconf 89' lang='lat' dir='ltr'>populatus</span> <span class='ocrx_word' id='word_1_181' title='bbox 474 1787 652 1832; x_wconf 81' lang='lat' dir='ltr'>Perseus,</span> <span class='ocrx_word' id='word_1_182' title='bbox 681 1787 719 1823; x_wconf 89' lang='lat' dir='ltr'>in</span> <span class='ocrx_word' id='word_1_183' title='bbox 737 1788 922 1824; x_wconf 88' lang='lat' dir='ltr'>Penestas</span> <span class='ocrx_word' id='word_1_184' title='bbox 953 1800 1105 1824; x_wconf 85' lang='lat' dir='ltr'>rursum</span> <span class='ocrx_word' id='word_1_185' title='bbox 1137 1787 1345 1824; x_wconf 85' lang='lat' dir='ltr'>exercitum</span> <span class='ocrx_word' id='word_1_186' title='bbox 1363 1785 1549 1827; x_wconf 79' lang='lat' dir='ltr'>redducit,</span> 
     </span>
     <span class='ocr_line' id='line_1_25' title="bbox 134 1856 1549 1905; baseline 0 -14"><span class='ocrx_word' id='word_1_187' title='bbox 134 1856 371 1903; x_wconf 83' lang='lat' dir='ltr'>firmatisque</span> <span class='ocrx_word' id='word_1_188' title='bbox 400 1856 565 1894; x_wconf 80' lang='lat' dir='ltr'>Uscanae</span> <span class='ocrx_word' id='word_1_189' title='bbox 596 1862 632 1893; x_wconf 80' lang='lat' dir='ltr'>et</span> <span class='ocrx_word' id='word_1_190' title='bbox 662 1857 763 1894; x_wconf 89' lang='lat' dir='ltr'>cirea</span> <span class='ocrx_word' id='word_1_191' title='bbox 793 1870 877 1893; x_wconf 87' lang='lat' dir='ltr'>eam</span> <span class='ocrx_word' id='word_1_192' title='bbox 910 1869 977 1905; x_wconf 88' lang='lat' dir='ltr'>per</span> <span class='ocrx_word' id='word_1_193' title='bbox 1003 1857 1132 1892; x_wconf 89' lang='lat' dir='ltr'>omnia</span> <span class='ocrx_word' id='word_1_194' title='bbox 1163 1856 1342 1898; x_wconf 83' lang='lat' dir='ltr'>castella,</span> <span class='ocrx_word' id='word_1_195' title='bbox 1374 1868 1458 1903; x_wconf 85' lang='lat' dir='ltr'>quae</span> <span class='ocrx_word' id='word_1_196' title='bbox 1489 1868 1549 1891; x_wconf 87' lang='lat' dir='ltr'>re-</span> 
     </span>
     <span class='ocr_line' id='line_1_26' title="bbox 136 1926 1189 1975; baseline 0 -13"><span class='ocrx_word' id='word_1_197' title='bbox 136 1931 301 1974; x_wconf 82' lang='lat' dir='ltr'>ceperat,</span> <span class='ocrx_word' id='word_1_198' title='bbox 331 1927 529 1974; x_wconf 73' lang='lat' dir='ltr'>praesiffiis,</span> <span class='ocrx_word' id='word_1_199' title='bbox 559 1927 597 1962; x_wconf 91' lang='lat' dir='ltr'>in</span> <span class='ocrx_word' id='word_1_200' title='bbox 627 1926 896 1963; x_wconf 86' lang='lat' dir='ltr'>Macedoniam</span> <span class='ocrx_word' id='word_1_201' title='bbox 928 1938 1011 1963; x_wconf 86' lang='lat' dir='ltr'>sese</span> <span class='ocrx_word' id='word_1_202' title='bbox 1042 1926 1189 1975; x_wconf 87' lang='lat' dir='ltr'>recipit.</span> 
     </span>
    </p>
   </div>
   <div class='ocr_carea' id='block_1_3' title="bbox 138 2102 1553 2315">
    <p class='ocr_par' dir='ltr' id='par_1_4' title="bbox 138 2102 1553 2315">
     <span class='ocr_line' id='line_1_27' title="bbox 138 2102 1550 2147; baseline -0.003 -11"><span class='ocrx_word' id='word_1_203' title='bbox 138 2110 156 2136; x_wconf 82' lang='lat'><strong>2</strong></span> <span class='ocrx_word' id='word_1_204' title='bbox 187 2105 372 2147; x_wconf 77' lang='lat' dir='ltr'>appellanti</span> <span class='ocrx_word' id='word_1_205' title='bbox 421 2103 476 2140; x_wconf 80' lang='grc'>12,</span> <span class='ocrx_word' id='word_1_206' title='bbox 498 2108 515 2134; x_wconf 83' lang='grc'>2</span> <span class='ocrx_word' id='word_1_207' title='bbox 536 2104 569 2134; x_wconf 91' lang='lat' dir='ltr'>in</span> <span class='ocrx_word' id='word_1_208' title='bbox 597 2103 748 2134; x_wconf 82' lang='lat' dir='ltr'>cusdiam</span> <span class='ocrx_word' id='word_1_209' title='bbox 783 2103 875 2137; x_wconf 76' lang='grc'>13,1</span> <span class='ocrx_word' id='word_1_210' title='bbox 905 2102 1480 2145; x_wconf 57' lang='lat' dir='ltr'>stuberam}reuertensaugentium</span> <span class='ocrx_word' id='word_1_211' title='bbox 1533 2106 1550 2132; x_wconf 81' lang='lat'><strong>2</strong></span> 
     </span>
     <span class='ocr_line' id='line_1_28' title="bbox 138 2158 1547 2203; baseline -0.003 -9"><span class='ocrx_word' id='word_1_212' title='bbox 138 2160 532 2203; x_wconf 76' lang='lat' dir='ltr'>exultantemlaputeum</span> <span class='ocrx_word' id='word_1_213' title='bbox 552 2160 697 2192; x_wconf 79' lang='lat' dir='ltr'>Valesius</span> <span class='ocrx_word' id='word_1_214' title='bbox 714 2171 729 2190; x_wconf 76' lang='lat' dir='ltr'>e</span> <span class='ocrx_word' id='word_1_215' title='bbox 746 2159 856 2202; x_wconf 74' lang='lat' dir='ltr'>Polyb.</span> <span class='ocrx_word' id='word_1_216' title='bbox 882 2159 1069 2198; x_wconf 74' lang='lat' dir='ltr'><em>XXVIII,</em></span> <span class='ocrx_word' id='word_1_217' title='bbox 1092 2160 1121 2191; x_wconf 82' lang='grc'>8.</span> <span class='ocrx_word' id='word_1_218' title='bbox 1173 2164 1191 2190; x_wconf 88' lang='grc'><strong>3</strong></span> <span class='ocrx_word' id='word_1_219' title='bbox 1219 2170 1237 2190; x_wconf 81' lang='lat' dir='ltr'>a</span> <span class='ocrx_word' id='word_1_220' title='bbox 1263 2160 1401 2190; x_wconf 85' lang='lat' dir='ltr'>beuroea</span> <span class='ocrx_word' id='word_1_221' title='bbox 1450 2158 1504 2197; x_wconf 82' lang='lat'>14,</span> <span class='ocrx_word' id='word_1_222' title='bbox 1536 2163 1547 2190; x_wconf 95' lang='lat' dir='ltr'>l</span> 
     </span>
     <span class='ocr_line' id='line_1_29' title="bbox 138 2216 1553 2260; baseline -0.002 -9"><span class='ocrx_word' id='word_1_223' title='bbox 138 2221 166 2251; x_wconf 91' lang='lat' dir='ltr'>is</span> <span class='ocrx_word' id='word_1_224' title='bbox 201 2224 219 2251; x_wconf 83' lang='lat'>2</span> <span class='ocrx_word' id='word_1_225' title='bbox 235 2221 431 2260; x_wconf 81' lang='lat' dir='ltr'>hiemisquae</span> <span class='ocrx_word' id='word_1_226' title='bbox 447 2229 515 2250; x_wconf 83' lang='lat' dir='ltr'>suae</span> <span class='ocrx_word' id='word_1_227' title='bbox 531 2225 606 2250; x_wconf 82' lang='lat' dir='ltr'>aeta</span> <span class='ocrx_word' id='word_1_228' title='bbox 620 2229 680 2250; x_wconf 84' lang='lat' dir='ltr'>sua</span> <span class='ocrx_word' id='word_1_229' title='bbox 692 2217 762 2259; x_wconf 73' lang='lat' dir='ltr'>My.</span> <span class='ocrx_word' id='word_1_230' title='bbox 780 2217 852 2249; x_wconf 84' lang='lat' dir='ltr'>Em.</span> <span class='ocrx_word' id='word_1_231' title='bbox 868 2217 941 2248; x_wconf 85' lang='lat'>557</span> <span class='ocrx_word' id='word_1_232' title='bbox 961 2216 965 2257; x_wconf 71' lang='grc' dir='ltr'>ξ</span> <span class='ocrx_word' id='word_1_233' title='bbox 981 2218 1217 2259; x_wconf 82' lang='lat' dir='ltr'>uardanosque</span> <span class='ocrx_word' id='word_1_234' title='bbox 1238 2222 1313 2248; x_wconf 81' lang='lat' dir='ltr'>acta</span> <span class='ocrx_word' id='word_1_235' title='bbox 1340 2228 1401 2248; x_wconf 82' lang='lat' dir='ltr'>sua</span> <span class='ocrx_word' id='word_1_236' title='bbox 1417 2218 1458 2248; x_wconf 81' lang='lat' dir='ltr'>ad</span> <span class='ocrx_word' id='word_1_237' title='bbox 1479 2226 1553 2248; x_wconf 88' lang='lat' dir='ltr'>uer-</span> 
     </span>
     <span class='ocr_line' id='line_1_30' title="bbox 138 2273 1553 2315; baseline -0.002 -7"><span class='ocrx_word' id='word_1_238' title='bbox 138 2278 366 2309; x_wconf 81' lang='lat' dir='ltr'>susadieerent</span> <span class='ocrx_word' id='word_1_239' title='bbox 392 2281 411 2307; x_wconf 83' lang='lat'><strong>4</strong></span> <span class='ocrx_word' id='word_1_240' title='bbox 425 2276 513 2308; x_wconf 78' lang='lat' dir='ltr'>Fort.</span> <span class='ocrx_word' id='word_1_241' title='bbox 532 2276 690 2308; x_wconf 86' lang='lat' dir='ltr'>Gentium</span> <span class='ocrx_word' id='word_1_242' title='bbox 714 2276 755 2306; x_wconf 84' lang='lat' dir='ltr'>ad</span> <span class='ocrx_word' id='word_1_243' title='bbox 771 2275 869 2306; x_wconf 84' lang='lat' dir='ltr'>amic.</span> <span class='ocrx_word' id='word_1_244' title='bbox 881 2274 952 2306; x_wconf 79' lang='lat' dir='ltr'>Em.</span> <span class='ocrx_word' id='word_1_245' title='bbox 966 2275 1012 2305; x_wconf 87' lang='lat'>55</span> <span class='ocrx_word' id='word_1_246' title='bbox 1022 2274 1049 2306; x_wconf 92' lang='lat'>7.</span> <span class='ocrx_word' id='word_1_247' title='bbox 1084 2275 1163 2311; x_wconf 80' lang='lat' dir='ltr'>XX.</span> <span class='ocrx_word' id='word_1_248' title='bbox 1180 2275 1211 2310; x_wconf 88' lang='grc'>1,</span> <span class='ocrx_word' id='word_1_249' title='bbox 1238 2278 1250 2305; x_wconf 89' lang='lat'><em>1</em></span> <span class='ocrx_word' id='word_1_250' title='bbox 1270 2275 1317 2305; x_wconf 90' lang='lat' dir='ltr'>hii</span> <span class='ocrx_word' id='word_1_251' title='bbox 1333 2273 1337 2315; x_wconf 70' lang='lat' dir='ltr'>I</span> <span class='ocrx_word' id='word_1_252' title='bbox 1353 2275 1553 2306; x_wconf 86' lang='lat' dir='ltr'>sollicitudi-</span> 
     </span>
    </p>
   </div>
   <div class='ocr_carea' id='block_1_4' title="bbox 1572 323 1621 357">
    <p class='ocr_par' dir='ltr' id='par_1_5' title="bbox 1572 323 1621 357">
     <span class='ocr_line' id='line_1_31' title="bbox 1572 323 1621 357; baseline 0 0"><span class='ocrx_word' id='word_1_253' title='bbox 1572 323 1621 357; x_wconf 81' lang='lat'>12</span> 
     </span>
    </p>
   </div>
   <div class='ocr_carea' id='block_1_5' title="bbox 1574 463 1620 497">
    <p class='ocr_par' dir='ltr' id='par_1_6' title="bbox 1574 463 1620 497">
     <span class='ocr_line' id='line_1_32' title="bbox 1574 463 1620 497; baseline 0 0"><span class='ocrx_word' id='word_1_254' title='bbox 1574 463 1620 497; x_wconf 84' lang='lat'>13</span> 
     </span>
    </p>
   </div>
   <div class='ocr_carea' id='block_1_6' title="bbox 1578 604 1622 637">
    <p class='ocr_par' dir='ltr' id='par_1_7' title="bbox 1578 604 1622 637">
     <span class='ocr_line' id='line_1_33' title="bbox 1578 604 1622 637; baseline 0.023 -1"><span class='ocrx_word' id='word_1_255' title='bbox 1578 604 1622 637; x_wconf 83' lang='lat'>14</span> 
     </span>
    </p>
   </div>
   <div class='ocr_carea' id='block_1_7' title="bbox 1602 939 1654 984">
    <p class='ocr_par' dir='ltr' id='par_1_8' title="bbox 1602 939 1654 984">
     <span class='ocr_line' id='line_1_34' title="bbox 1602 939 1654 984; baseline 0 0"><span class='ocrx_word' id='word_1_256' title='bbox 1602 939 1654 984; x_wconf 83' lang='lat'>20</span> 
     </span>
    </p>
   </div>
   <div class='ocr_carea' id='block_1_8' title="bbox 139 2331 1616 2376">
    <p class='ocr_par' dir='ltr' id='par_1_9' title="bbox 139 2331 1616 2376">
     <span class='ocr_line' id='line_1_35' title="bbox 139 2331 1616 2376; baseline -0.003 -10"><span class='ocrx_word' id='word_1_257' title='bbox 139 2345 197 2366; x_wconf 86' lang='lat' dir='ltr'>nes</span> <span class='ocrx_word' id='word_1_258' title='bbox 236 2339 254 2365; x_wconf 83' lang='lat'>2</span> <span class='ocrx_word' id='word_1_259' title='bbox 274 2345 357 2376; x_wconf 82' lang='lat' dir='ltr'>quas</span> <span class='ocrx_word' id='word_1_260' title='bbox 385 2344 442 2375; x_wconf 88' lang='lat' dir='ltr'>per</span> <span class='ocrx_word' id='word_1_261' title='bbox 458 2334 624 2364; x_wconf 82' lang='lat' dir='ltr'>industria</span> <span class='ocrx_word' id='word_1_262' title='bbox 636 2333 706 2374; x_wconf 75' lang='lat' dir='ltr'>My.</span> <span class='ocrx_word' id='word_1_263' title='bbox 717 2332 789 2364; x_wconf 85' lang='lat' dir='ltr'>Em.</span> <span class='ocrx_word' id='word_1_264' title='bbox 802 2332 875 2364; x_wconf 75' lang='lat'>557</span> <span class='ocrx_word' id='word_1_265' title='bbox 902 2331 1042 2374; x_wconf 72' lang='lat' dir='ltr'>ePolyb.</span> <span class='ocrx_word' id='word_1_266' title='bbox 1066 2331 1252 2369; x_wconf 88' lang='lat' dir='ltr'><em>XXVIII,</em></span> <span class='ocrx_word' id='word_1_267' title='bbox 1282 2332 1302 2363; x_wconf 82' lang='lat'><em>8</em></span> <span class='ocrx_word' id='word_1_268' title='bbox 1328 2331 1452 2374; x_wconf 70' lang='lat' dir='ltr'>(Gryn.</span> <span class='ocrx_word' id='word_1_269' title='bbox 1471 2342 1554 2373; x_wconf 81' lang='lat' dir='ltr'>quas</span> <span class='ocrx_word' id='word_1_270' title='bbox 1612 2351 1616 2355; x_wconf 90' lang='lat'><em>-</em></span> 
     </span>
    </p>
   </div>
   <div class='ocr_carea' id='block_1_9' title="bbox 141 2392 1556 2557">
    <p class='ocr_par' dir='ltr' id='par_1_10' title="bbox 141 2392 1556 2557">
     <span class='ocr_line' id='line_1_36' title="bbox 141 2392 1556 2443; baseline -0.003 -8"><span class='ocrx_word' id='word_1_271' title='bbox 141 2405 180 2436; x_wconf 85' lang='lat' dir='ltr'>de</span> <span class='ocrx_word' id='word_1_272' title='bbox 206 2403 295 2443; x_wconf 87' lang='lat' dir='ltr'>ind.)</span> <span class='ocrx_word' id='word_1_273' title='bbox 337 2408 356 2434; x_wconf 89' lang='lat'><strong>3</strong></span> <span class='ocrx_word' id='word_1_274' title='bbox 382 2392 566 2434; x_wconf 81' lang='lat' dir='ltr'>transibtus</span> <span class='ocrx_word' id='word_1_275' title='bbox 623 2407 643 2433; x_wconf 83' lang='lat'>4</span> <span class='ocrx_word' id='word_1_276' title='bbox 670 2407 779 2433; x_wconf 85' lang='lat' dir='ltr'>essent</span> <span class='ocrx_word' id='word_1_277' title='bbox 804 2402 948 2433; x_wconf 82' lang='lat' dir='ltr'>iscoram</span> <span class='ocrx_word' id='word_1_278' title='bbox 999 2400 1031 2435; x_wconf 81' lang='grc'>2,</span> <span class='ocrx_word' id='word_1_279' title='bbox 1055 2405 1074 2432; x_wconf 91' lang='grc'>3</span> <span class='ocrx_word' id='word_1_280' title='bbox 1101 2401 1206 2432; x_wconf 82' lang='lat' dir='ltr'>auditi</span> <span class='ocrx_word' id='word_1_281' title='bbox 1232 2406 1310 2432; x_wconf 90' lang='lat' dir='ltr'>sunt</span> <span class='ocrx_word' id='word_1_282' title='bbox 1336 2402 1391 2442; x_wconf 89' lang='lat' dir='ltr'>qui</span> <span class='ocrx_word' id='word_1_283' title='bbox 1418 2411 1556 2442; x_wconf 88' lang='lat' dir='ltr'>respon-</span> 
     </span>
     <span class='ocr_line' id='line_1_37' title="bbox 141 2458 1555 2502; baseline -0.001 -11"><span class='ocrx_word' id='word_1_284' title='bbox 141 2470 215 2491; x_wconf 79' lang='lat' dir='ltr'>sum</span> <span class='ocrx_word' id='word_1_285' title='bbox 239 2459 310 2502; x_wconf 73' lang='lat' dir='ltr'>My.</span> <span class='ocrx_word' id='word_1_286' title='bbox 335 2459 426 2499; x_wconf 87' lang='lat' dir='ltr'>(Em.</span> <span class='ocrx_word' id='word_1_287' title='bbox 453 2459 526 2491; x_wconf 75' lang='lat'>557</span> <span class='ocrx_word' id='word_1_288' title='bbox 551 2458 655 2500; x_wconf 80' lang='lat' dir='ltr'>aliter)</span> <span class='ocrx_word' id='word_1_289' title='bbox 697 2464 716 2490; x_wconf 86' lang='lat'>4</span> <span class='ocrx_word' id='word_1_290' title='bbox 742 2459 917 2490; x_wconf 73' lang='lat' dir='ltr'>uoluntate</span> <span class='ocrx_word' id='word_1_291' title='bbox 974 2458 1006 2493; x_wconf 74' lang='lat'>3,</span> <span class='ocrx_word' id='word_1_292' title='bbox 1034 2462 1052 2489; x_wconf 82' lang='lat'><strong>2</strong></span> <span class='ocrx_word' id='word_1_293' title='bbox 1078 2459 1166 2489; x_wconf 90' lang='lat' dir='ltr'>idem</span> <span class='ocrx_word' id='word_1_294' title='bbox 1189 2459 1194 2497; x_wconf 83' lang='grc' dir='ltr'>Ι</span> <span class='ocrx_word' id='word_1_295' title='bbox 1217 2459 1330 2489; x_wconf 84' lang='lat' dir='ltr'>addita</span> <span class='ocrx_word' id='word_1_296' title='bbox 1356 2459 1487 2489; x_wconf 81' lang='lat' dir='ltr'>claucia</span> <span class='ocrx_word' id='word_1_297' title='bbox 1535 2463 1555 2489; x_wconf 85' lang='lat'><strong>4</strong></span> 
     </span>
     <span class='ocr_line' id='line_1_38' title="bbox 142 2514 1555 2557; baseline -0.001 -9"><span class='ocrx_word' id='word_1_298' title='bbox 142 2527 209 2556; x_wconf 82' lang='lat' dir='ltr'>qua</span> <span class='ocrx_word' id='word_1_299' title='bbox 233 2517 323 2548; x_wconf 78' lang='lat' dir='ltr'>unda</span> <span class='ocrx_word' id='word_1_300' title='bbox 348 2517 510 2548; x_wconf 81' lang='lat' dir='ltr'>barbaros</span> <span class='ocrx_word' id='word_1_301' title='bbox 531 2517 537 2557; x_wconf 85' lang='grc' dir='ltr'>Ι</span> <span class='ocrx_word' id='word_1_302' title='bbox 559 2517 685 2548; x_wconf 88' lang='lat' dir='ltr'>bellum</span> <span class='ocrx_word' id='word_1_303' title='bbox 713 2527 781 2548; x_wconf 89' lang='lat' dir='ltr'>non</span> <span class='ocrx_word' id='word_1_304' title='bbox 806 2521 939 2557; x_wconf 81' lang='lat' dir='ltr'>poterat</span> <span class='ocrx_word' id='word_1_305' title='bbox 959 2514 1047 2556; x_wconf 79' lang='lat' dir='ltr'>(Csr.</span> <span class='ocrx_word' id='word_1_306' title='bbox 1067 2515 1115 2547; x_wconf 81' lang='lat' dir='ltr'>ad</span> <span class='ocrx_word' id='word_1_307' title='bbox 1139 2527 1165 2547; x_wconf 88' lang='lat' dir='ltr'>c.</span> <span class='ocrx_word' id='word_1_308' title='bbox 1194 2515 1250 2551; x_wconf 84' lang='lat'>21,</span> <span class='ocrx_word' id='word_1_309' title='bbox 1277 2514 1328 2556; x_wconf 87' lang='grc'>1.)</span> <span class='ocrx_word' id='word_1_310' title='bbox 1370 2515 1404 2550; x_wconf 78' lang='grc'>4,</span> <span class='ocrx_word' id='word_1_311' title='bbox 1435 2518 1447 2546; x_wconf 94' lang='lat' dir='ltr'>l</span> <span class='ocrx_word' id='word_1_312' title='bbox 1481 2514 1555 2547; x_wconf 87' lang='lat' dir='ltr'>No-</span> 
     </span>
    </p>
   </div>
   <div class='ocr_carea' id='block_1_10' title="bbox 142 2574 1554 2627">
    <p class='ocr_par' dir='ltr' id='par_1_11' title="bbox 142 2574 1554 2627">
     <span class='ocr_line' id='line_1_39' title="bbox 142 2574 1554 2627; baseline -0.001 -12"><span class='ocrx_word' id='word_1_313' title='bbox 142 2597 206 2615; x_wconf 77' lang='lat' dir='ltr'>men</span> <span class='ocrx_word' id='word_1_314' title='bbox 234 2586 387 2625; x_wconf 80' lang='lat' dir='ltr'>Ancyrae.</span> <span class='ocrx_word' id='word_1_315' title='bbox 413 2585 500 2626; x_wconf 81' lang='lat' dir='ltr'>quod</span> <span class='ocrx_word' id='word_1_316' title='bbox 524 2585 658 2627; x_wconf 69' lang='lat' dir='ltr'>reqi&#39;om&#39;s</span> <span class='ocrx_word' id='word_1_317' title='bbox 683 2584 824 2619; x_wconf 76' lang='lat' dir='ltr'>videtur,</span> <span class='ocrx_word' id='word_1_318' title='bbox 851 2590 1035 2625; x_wconf 69' lang='lat' dir='ltr'>suspectum.</span> <span class='ocrx_word' id='word_1_319' title='bbox 1077 2588 1095 2615; x_wconf 88' lang='lat'>3</span> <span class='ocrx_word' id='word_1_320' title='bbox 1113 2585 1202 2616; x_wconf 72' lang='lat' dir='ltr'>cisra</span> <span class='ocrx_word' id='word_1_321' title='bbox 1228 2574 1326 2624; x_wconf 57' lang='lat' dir='ltr'>eamd</span> <span class='ocrx_word' id='word_1_322' title='bbox 1374 2584 1554 2625; x_wconf 77' lang='lat' dir='ltr'>4praesidii</span> 
     </span>
    </p>
   </div>
  </div>
 </body>
</html>
