1753 2934
194 1287 215 1322 10

301 116 378 150 216
663 112 762 142 Liber
786 111 892 141 XLV.
944 112 1005 150 (Α.
1034 120 1064 140 u.
1093 119 1121 140 e.
1150 111 1246 148 586.)

244 242 360 283 caput
389 234 475 270 belli
507 242 611 277 erat3
636 246 704 270 nec
731 235 849 282 ipsius
880 240 1040 277 tantum,
1070 234 1191 281 patris
1210 233 1347 280 avique
1368 239 1643 280 ceterorumque

245 317 340 352 quos
373 304 555 352 sanguine
586 317 630 339 ac
659 317 798 352 genere
828 304 1097 351 contingebat,
1141 302 1247 339 fama.
1281 310 1524 351 conspectum
1560 315 1643 339 eum

243 374 450 417 efficiebat,
498 374 564 410 sed
611 374 844 422 effulgebunt
882 374 1082 422 Philippus
1123 386 1168 409 ac
1208 374 1373 421 Magnus
1413 371 1646 416 Alexander,

244 444 307 491 qui
339 456 526 480 summum
559 444 743 492 inperium
776 445 812 480 in
846 445 937 480 orbe
970 453 1155 480 terrarum
1178 444 1435 480 Macedonum
1466 443 1646 479 fecerant.

244 513 356 549 Pullo
393 514 532 550 amictu
578 528 655 550 cum
694 514 770 549 tilio
803 516 969 551 Perseus
1012 515 1205 562 ingressus
1253 523 1309 549 est
1353 520 1499 556 castra,
1545 511 1647 547 nullo

243 594 398 618 suorum
431 583 505 618 alio
537 585 698 628 comite,
742 597 850 632 qnam
890 584 952 631 qui
983 584 1108 619 socius
1139 584 1368 619 calamitatis
1399 582 1648 618 miserabilio-

244 665 322 688 rem
354 665 438 688 eutn
470 653 624 690 faceret.
689 654 877 702 Progredi
908 666 985 702 prae
1015 655 1127 690 turba
1157 653 1432 689 occurrentium
1463 652 1512 688 ad
1543 664 1649 700 spec-

244 723 410 758 taculum
454 736 530 761 non
575 733 745 773 poterat,
792 725 913 760 donec
954 738 977 760 a
1026 724 1179 760 consule
1218 723 1370 758 lictores
1411 722 1514 758 missi
1553 730 1651 766 sunt,

246 793 310 840 qui
340 801 529 830 summoto
560 794 631 830 iter
669 795 717 830 ad
748 795 966 843 praetorium
997 793 1178 830 facerent.
1244 792 1492 830 Consum-exit
1521 791 1653 828 consul

246 872 304 907 et,
334 863 445 900 iussis
476 865 607 901 sedere
649 865 732 901 aliis
788 877 1089 913 progressusque
1120 864 1299 912 paulum,
1339 861 1542 899 introeunti
1573 860 1652 908 regi

247 933 420 970 dextram
451 936 643 983 porrexit,
674 936 1047 983 summittentemque
1076 947 1117 970 se
1158 934 1206 970 ad
1237 934 1353 981 pedes
1383 931 1555 976 sustulit,
1586 943 1653 966 nec

248 1005 434 1052 attingere
463 1018 588 1053 genua
618 1018 766 1054 passus,
800 1006 1055 1042 introductum
1091 1005 1128 1040 in
1153 1003 1440 1040 tabernaculum
1472 1001 1654 1038 adversus

250 1075 460 1111 advocatos
491 1077 528 1111 in
559 1077 757 1112 consilium
791 1077 987 1112 considere
1017 1075 1135 1111 iussit.

357 1146 491 1181 Prima
523 1147 759 1194 percontatio
790 1146 880 1190 fuit,
930 1158 1006 1193 qua
1045 1146 1225 1181 subactus
1257 1143 1395 1178 iniuria
1424 1149 1558 1178 contra
1587 1155 1654 1190 po-

248 1215 378 1262 pulum
410 1216 626 1251 Romanuin
658 1216 796 1251 bellum
843 1224 920 1251 tam
952 1215 1089 1251 infesto
1121 1215 1249 1250 animo
1282 1212 1532 1260 suscepisset,
1579 1225 1654 1272 quo

248 1297 289 1321 se
318 1298 552 1334 regnumque
581 1298 690 1321 suum
722 1286 769 1321 ad
801 1286 972 1321 ultimum
1017 1285 1217 1320 discrimen
1250 1282 1480 1319 adduceret?
1546 1281 1655 1328 Cum,

250 1368 472 1404 responsum
505 1356 795 1404 expectantibus
835 1356 1002 1398 cunctis,
1051 1362 1191 1390 terram
1231 1355 1379 1390 intuens
1419 1353 1481 1388 diu
1518 1354 1656 1389 tacitus

249 1426 378 1470 fleret,
416 1439 565 1462 rursum
596 1426 745 1462 consul:
789 1426 856 1470 „Si
885 1426 1031 1461 iuvenis
1068 1437 1226 1473 regnum
1266 1423 1499 1472 accepisses,
1533 1423 1656 1459 minus

251 1496 424 1543 equidem
458 1498 637 1540 mirarer,
682 1497 880 1545 ignorasse
910 1504 965 1540 te,
1016 1508 1128 1543 quam
1161 1495 1291 1543 gravis
1323 1502 1388 1530 aut
1418 1494 1561 1530 amicus
1592 1502 1658 1530 aut.

249 1565 422 1602 inimicus
466 1575 564 1604 esset
604 1567 768 1616 populus
799 1568 1017 1610 Romanus;
1071 1577 1170 1601 nunc
1200 1577 1311 1601 vero.
1356 1576 1441 1600 cum
1485 1572 1520 1600 et
1557 1563 1656 1600 bello

249 1637 370 1684 patris
400 1638 476 1680 tui,
509 1638 611 1686 quod
642 1638 837 1673 nobiscum
869 1637 1007 1684 gessit,
1041 1636 1276 1671 interfuisses
1307 1643 1343 1670 et
1373 1635 1478 1683 pacis
1509 1642 1656 1682 postea,

250 1719 363 1754 quam
404 1720 488 1743 cum
529 1720 678 1744 summa
711 1708 784 1744 fide
822 1706 1005 1741 adversus
1039 1718 1123 1741 eum
1156 1705 1361 1749 coluimus,
1408 1703 1655 1748 meminisses,

250 1777 349 1824 quod
366 1779 444 1824 J'ue't
473 1778 684 1821 consilium,
716 1789 876 1825 qnorum
909 1783 945 1810 et
975 1775 1052 1811 vim
1084 1779 1119 1811 in
1150 1776 1250 1811 bello
1281 1784 1318 1811 et
1348 1772 1459 1809 fidem
1491 1772 1527 1807 in
1561 1783 1655 1819 pace

248 1856 428 1894 expertus
457 1860 581 1893 esses,
615 1860 698 1884 cum
723 1848 768 1883 iis
798 1846 866 1882 tibi
897 1845 1035 1881 bellum
1067 1858 1149 1881 esse
1180 1858 1293 1892 quam
1325 1855 1458 1892 pacem
1492 1839 1652 1878 inalle?“

248 1917 331 1953 Nec
360 1918 615 1966 interrogatus
655 1930 725 1953 nec
758 1924 957 1953 accusatus
987 1927 1073 1951 cum
1106 1914 1370 1962 responderet:
1413 1912 1655 1960 „Utcumque

247 2126 279 2163 3,
296 2130 314 2155 2
330 2126 452 2165 auique
468 2135 550 2166 quos
567 2125 637 2165 Alf).
657 2124 768 2165 (Creo.
786 2125 905 2164 avique
924 2130 954 2153 ct
969 2130 1156 2152 ceterorum
1175 2130 1303 2160 regum.
1319 2120 1422 2159 quos)
1451 2125 1469 2151 3
1486 2129 1519 2151 ut
1534 2130 1653 2159 genere

248 2187 267 2213 4
309 2183 516 2213 efficiebatur
580 2187 597 2213 5
626 2192 776 2214 summus
848 2181 888 2219 4,
927 2184 938 2211 1
975 2180 1067 2220 pullo
1104 2179 1245 2209 amictus
1271 2177 1328 2207 illo
1361 2188 1496 2218 perseus
1523 2177 1654 2219 Lipsius

247 2242 407 2279 (amictu)
434 2247 462 2271 et
491 2241 633 2273 Graevius
690 2244 708 2270 2
742 2241 861 2270 comite
889 2239 943 2279 qui
959 2237 1134 2268 bonimius
1183 2240 1202 2265 4
1230 2235 1402 2266 misissent
1427 2234 1651 2276 qui„1131.E111.

247 2298 319 2329 590·
344 2299 463 2340 (Gryn.
492 2299 598 2330 donec
625 2309 691 2329 cos.
722 2315 761 2320 —
790 2297 955 2333 misisset,
990 2295 1060 2335 qui)
1111 2297 1127 2324 5
1158 2294 1253 2334 Gryn.
1283 2293 1524 2324 summovendo
1573 2292 1605 2334 5,
1633 2297 1651 2323 2

247 2357 340 2387 iustis
391 2361 409 2387 3
435 2357 583 2397 porregit
608 2357 611 2397 ᾖ
636 2356 883 2395 necutingcnuu
931 2357 950 2383 4
977 2353 1151 2383 considere
1177 2352 1339 2381 aduersus
1364 2351 1406 2381 sit
1465 2350 1559 2387 VIII,
1575 2350 1605 2387 1,
1633 2354 1650 2380 2

247 2415 433 2454 suscepisse
483 2418 501 2444 3
529 2415 750 2444 adduceretur
803 2413 835 2449 2,
861 2416 880 2442 3
907 2411 1001 2441 fleret
1026 2412 1121 2440 iussu
1147 2409 1265 2440 consul
1322 2408 1353 2447 3,
1381 2414 1399 2439 2
1427 2409 1585 2439 mii-urent
1631 2411 1651 2438 3

246 2482 319 2503 esse
341 2482 371 2512 p.
389 2483 412 2502 r.
441 2481 531 2501 nunc
558 2481 660 2512 uepro
707 2470 740 2506 4,
767 2474 786 2501 3
805 2468 1013 2500 meminisset
1038 2467 1216 2498 consilium
1232 2465 1303 2507 My.
1330 2466 1402 2497 Em.
1431 2466 1506 2497 590·
1530 2467 1649 2507 (ὒν-μη.

247 2530 465 2565 meminisses,
493 2530 580 2568 quod
609 2528 802 2568 consilium)
849 2537 867 2556 4
895 2526 965 2556 uim
992 2525 1081 2557 bello
1101 2524 1207 2555 brak.
1260 2527 1277 2554 5
1306 2534 1382 2555 cum
1408 2525 1434 2554 is
1493 2524 1524 2557 ἴ).
1558 2527 1568 2554 l
1591 2533 1651 2555 nec

247 2594 405 2619 causatus
427 2588 432 2627 Ι
454 2587 818 2627 responderetcumque
