1742 2902
460 103 563 134 Liber
587 103 698 134 XLII.
752 105 811 142 (Α.
841 101 919 134 Chr.
953 103 1044 143 172.)
1353 105 1402 141 49

44 239 127 275 quae
171 225 287 273 longo
335 230 534 272 tempore,
598 223 724 259 multis
772 225 1004 273 magnisque
1056 225 1198 261 meritis
1249 232 1462 274 pareretur,

0 328 1 334 ,
43 295 307 334 auctoritatem
349 307 424 330 non
469 301 561 342 aput
601 293 826 329 Macedonas
859 301 1019 339 tantum,
1059 295 1124 331 sed
1171 302 1261 343 aput
1297 295 1459 333 Grae‹·iae
1520 285 1571 330 12

43 366 167 413 adque
219 364 324 400 Asiae
376 364 562 399 civitates.
675 363 811 399 Vereri
872 364 1108 400 maiestatem
1169 365 1248 401 eius
1307 378 1460 411 omnes;

40 447 130 476 nec,
175 446 244 482 pro
287 433 425 481 quibus
470 433 632 477 meritis,
680 445 749 480 pro
801 446 878 480 qua
930 435 1187 471 munificentia
1235 443 1379 472 tantum
1424 437 1457 472 ei
1489 434 1511 470 2

39 505 248 548 tribuatur,
294 515 460 547 cernere,
505 515 573 538 nee
619 503 744 538 dicere
788 515 857 550 pro
903 511 1006 539 certo
1052 517 1184 552 posse,
1235 513 1358 541 utrum
1405 505 1459 542 fe-

38 575 179 613 licitate
228 573 265 609 id
316 573 482 621 quadam
528 573 609 608 eius
663 572 831 616 accidat,
876 585 949 617 an,
1006 574 1108 621 quod
1154 574 1235 622 ipse
1281 584 1461 612 vereatur

39 645 186 687 dicere,
237 643 383 679 invidia
439 643 625 678 adversus
669 643 866 679 Romanos
926 642 1098 679 favorem
1161 645 1213 680 illi
1274 646 1459 682 com-iliet.

38 714 144 752 Inter
173 714 278 762 ipsos
310 725 462 760 quoque
492 725 601 760 reges
631 712 820 760 ingentem
853 713 1101 758 auctoritate,
1147 714 1295 751 Seleuci
1341 716 1455 751 filiam
1490 714 1511 749 3

38 784 192 821 duxisse
222 796 328 827 eum,
373 795 448 818 non
480 790 684 830 petentem,
733 782 797 818 sed
830 783 986 830 petitum
1020 783 1142 828 ulti-03
1186 797 1356 821 sororem
1393 786 1458 821 de-

38 854 138 890 disse
168 853 315 890 Prwiae
355 852 525 901 precanti
555 851 682 899 adque
723 852 866 896 oranti3
912 853 1126 889 celebratas
1157 867 1240 890 esse
1273 864 1456 903 utrasque
1489 855 1511 890 4

36 923 189 972 nuptias
234 923 493 971 gratulatione
532 928 564 958 et
607 921 717 957 donis
767 922 1099 958 innumerabilium
1142 923 1377 971 legationum
1420 931 1457 960 et

36 993 138 1031 velut
173 992 392 1041 auspicibus
422 991 682 1027 nobilissumis
720 991 873 1039 populis
912 992 1096 1029 deductas
1135 1005 1230 1029 esse.
1298 994 1455 1030 Boeoto—
1489 992 1510 1025 5

35 1076 118 1101 rum
161 1070 335 1110 gentem,
380 1069 573 1110 captatam
614 1061 819 1109 Philippo,
863 1074 1072 1110 numquam
1120 1063 1168 1098 ad
1214 1064 1456 1100 scribendum

36 1133 210 1171 amicitiae
244 1131 368 1168 foedus
399 1131 536 1167 adduci
568 1131 762 1178 potuisse3
793 1131 914 1167 tribus
945 1145 1044 1168 nunc
1075 1132 1170 1168 locis
1202 1146 1286 1170 cum
1310 1135 1455 1170 Perseo

34 1201 158 1241 foedus
189 1202 347 1238 incisum
380 1201 515 1238 litteris
547 1213 641 1246 esse,
675 1214 749 1237 uno
766 1202 925 1246 Thebis,
956 1202 1077 1238 altero
1109 1203 1157 1238 ad
1192 1203 1358 1248 Delium,
1389 1217 1456 1239 au-
1489 1205 1511 1240 6

35 1272 255 1322 gustissimo
301 1278 339 1308 et
379 1272 640 1308 celeberrumo
684 1272 721 1307 in
766 1271 938 1320 templo,
989 1272 1101 1308 tertio
1145 1273 1321 1321 Delphis.
1409 1274 1455 1310 In

34 1343 210 1381 Achaico
241 1342 401 1378 concilio
433 1354 539 1385 vero,
569 1341 640 1377 nisi
672 1341 845 1377 discussa
875 1353 936 1377 res
967 1354 1036 1390 per
1066 1355 1210 1390 paucos
1236 1344 1454 1379 Romanum

33 1413 233 1461 imperium
266 1412 497 1448 intentantes
528 1419 640 1456 esset,
671 1424 715 1446 eo
746 1424 825 1447 rem
858 1424 979 1459 prope
1010 1412 1228 1458 adductam,
1259 1420 1300 1448 ut,
1327 1413 1454 1449 aditus

35 1482 69 1519 ei
98 1482 134 1518 in
166 1482 356 1519 Achaiam
389 1481 554 1519 daretur.
620 1483 675 1517 At
704 1481 857 1517 hercule
886 1493 977 1517 suos
1007 1482 1194 1526 honores,
1238 1483 1344 1519 cuius
1375 1496 1452 1519 me-
1486 1486 1506 1520 7

33 1552 106 1589 rita
136 1552 173 1588 in
205 1564 288 1588 eam
321 1559 471 1600 gentem
507 1551 685 1599 privatim
719 1563 767 1586 an
799 1551 949 1598 publice
979 1551 1053 1586 sint
1082 1551 1251 1597 maiora,
1281 1552 1347 1588 vix
1378 1553 1453 1589 diei

33 1622 173 1671 possit,
205 1622 344 1670 partim
376 1622 548 1657 desertos
582 1633 651 1669 per
683 1620 866 1656 incultum
898 1633 943 1656 ac
974 1621 1280 1669 neglegentiam,
1311 1623 1452 1671 partim

32 1691 220 1729 hostiliter
264 1691 438 1728 sublatos
483 1703 578 1727 esse.
651 1691 737 1727 Iam
768 1690 927 1726 AEtolos
967 1704 1079 1739 quem
1111 1692 1291 1739 ignorare
1321 1693 1360 1728 in
1391 1705 1450 1729 se-

34 1761 240 1798 ditionibus
271 1761 349 1797 suis
378 1774 455 1797 non
487 1762 535 1797 ab
567 1760 776 1805 Romanis,
806 1761 872 1796 sed
904 1774 928 1797 a
957 1761 1102 1797 Perseo
1134 1762 1351 1809 praesidium
1384 1775 1450 1810 pe-

32 1831 152 1869 tisse?
182 1831 254 1868 His
285 1844 368 1868 eum
401 1831 537 1867 fultum
573 1830 820 1867 societatibus
850 1831 977 1879 adque
1008 1831 1185 1867 amicitiis
1221 1844 1286 1867 eos
1319 1832 1450 1868 dome·
1484 1833 1506 1870 8

32 1901 147 1938 sticos
179 1909 390 1950 apparatus
420 1901 508 1938 belli
538 1902 701 1945 habere,
746 1907 787 1936 ut
825 1901 992 1936 externis
1028 1914 1104 1937 non
1143 1910 1272 1949 egeat;
1323 1903 1452 1939 XXX

32 1971 183 2008 milibus
214 1971 408 2020 peditum,
439 1971 477 2007 V
508 1970 660 2006 milibus
692 1970 861 2018 equitum
893 1970 931 2006 in
964 1970 1094 2007 decem
1126 1983 1248 2007 annos
1280 1971 1451 2009 frumen·

31 2091 64 2131 9,
90 2097 108 2123 2
137 2092 268 2135 Kreyss.
295 2098 432 2133 paretur
489 2090 571 2128 XII,
599 2090 630 2128 1,
661 2095 674 2122 1
703 2101 770 2121 non
797 2096 877 2131 aput
903 2090 1032 2130 graeciae
1051 2089 1122 2131 ssIy.
1155 2090 1275 2134 (Cryn.
1303 2094 1450 2125 auctori-

32 2154 146 2182 tatem.
197 2150 286 2181 Nam
313 2149 734 2191 apud—vereri-omnes.
786 2148 870 2185 Nec)
907 2152 924 2178 2
953 2149 1044 2178 ciues
1071 2147 1167 2180 Frob.
1183 2148 1231 2181 II.
1283 2149 1314 2189 2,
1348 2154 1358 2181 l
1388 2162 1450 2192 pro

33 2215 131 2247 qnam
154 2208 159 2247 1
183 2214 216 2238 et
240 2209 408 2238 tribuatur
465 2210 482 2236 2
510 2217 571 2247 pro
598 2214 724 2237 certum
753 2216 825 2237 esse
870 2210 888 2236 3
918 2206 1065 2246 quodam
1117 2210 1136 2236 4
1163 2205 1311 2238 faborem
1369 2208 1400 2246 3,
1431 2212 1446 2240 l

33 2262 122 2296 Fore.
148 2265 318 2304 ingentem
341 2264 574 2295 auctoritatem
603 2273 692 2302 esse;
720 2264 788 2295 Sel.
806 2262 913 2294 Hertz.
942 2264 1112 2303 ingentem
1129 2265 1330 2296 auctoritate
1357 2275 1449 2305 esse3

33 2319 100 2353 Sel.
150 2326 169 2352 3
197 2322 340 2362 phrysiae
366 2321 523 2363 praecanti
549 2323 552 2359 Ι
575 2322 728 2352 adoranti
751 2320 882 2362 Kreyss.
904 2319 1019 2362 (Gryn.
1040 2330 1080 2351 ac
1098 2324 1222 2357 oranti)
1271 2322 1303 2359 4.,
1327 2327 1339 2354 1
1359 2323 1449 2354 cele-

32 2377 145 2410 bratar
166 2379 171 2418 Ι
195 2385 377 2420 utransque
419 2382 437 2409 2
454 2379 682 2419 gratulatione
703 2379 798 2409 donis
818 2378 916 2409 Hertz
934 2378 1056 2420 (Gryn.
1079 2379 1262 2420 donisque)
1288 2384 1307 2411 3
1334 2380 1453 2412 uelaut

32 2433 65 2472 5,
94 2440 105 2466 l
135 2436 333 2467 boetoerum
361 2441 379 2467 2
397 2443 546 2477 aptatam
575 2436 606 2473 6,
626 2440 638 2466 l
660 2437 743 2466 alter
768 2437 810 2466 ad
837 2437 990 2467 sidenum
1010 2435 1080 2477 My.
1100 2435 1226 2478 (Saeyon.
1253 2438 1292 2468 ad
1312 2438 1450 2479 Delum)

32 2506 53 2535 2
68 2493 189 2536 tertioi
205 2505 337 2546 delphis
366 2509 384 2535 3
397 2506 514 2535 acaico
541 2505 770 2536 4intentantis
788 2505 925 2546 laeorum
945 2502 1065 2544 prope!
1082 2502 1181 2545 Gryn.
1197 2506 1308 2536 aditus
1321 2512 1354 2536 et
1380 2504 1411 2542 7,
1432 2508 1446 2536 1

33 2561 76 2592 ad
104 2565 122 2592 2
138 2563 357 2602 priuatisnam
375 2562 521 2603 publicae
546 2566 565 2593 3
584 2562 779 2603 ΡοεεεῑᾸΙρ.
816 2562 848 2599 8,
871 2566 882 2593 l
902 2561 966 2592 hiis
992 2565 1010 2592 2
1026 2561 1151 2593 habere
1167 2572 1235 2593 non
1250 2569 1287 2593 ut
1302 2563 1450 2604 expertis

32 2626 99 2650 non
122 2618 127 2658 Ι
148 2629 220 2650 xxx
244 2620 337 2650 milia
372 2619 494 2651 Vahlen
554 2624 574 2651 3
600 2629 622 2650 u
650 2620 745 2651 milia
769 2619 888 2651 Vahlen
917 2617 1034 2662 (Gryn.
1055 2619 1228 2660 equitum3
1256 2621 1291 2652 in
1317 2619 1448 2661 decem)

67 2685 165 2710 Livius
180 2693 216 2711 ex
233 2693 286 2712 ree.
303 2686 447 2717 Madvigii.
487 2685 549 2711 vn.
1159 2681 1181 2708 4
