1753 2934
202 391 222 422 o

209 470 217 490 Ι

146 798 196 843 10

203 945 223 980 ΙΨ

206 2003 223 2036 xl

311 124 387 159 218
686 122 786 152 Liber
812 121 920 153 XLV.
961 123 1023 161 (A.
1045 132 1076 153 u.
1097 132 1124 153 c.
1149 122 1245 162 586.)

257 245 392 292 quibus
423 243 647 280 Alexander
686 245 882 292 regnavit,
924 245 1087 294 primum
1136 245 1285 288 omnia,
1336 258 1413 293 qua
1452 246 1657 281 Persarum

255 326 374 362 prope
418 313 588 349 inmenso
635 314 761 361 spatio
804 314 1004 363 imperium
1044 315 1190 359 fuerat,
1241 327 1319 352 suae
1358 315 1517 351 dicionis
1556 309 1656 352 fessit.

254 383 408 420 Arabas
437 383 524 419 hinc
554 384 805 432 Indiamque,
847 397 923 432 qua
953 393 1137 422 terrarum
1171 386 1334 422 ultumos
1364 386 1456 421 fines
1486 384 1656 421 Rubrum

256 465 361 488 mare
392 453 643 501 amplectitur,
675 455 904 503 peragravit.
972 457 1072 493 Tum
1106 457 1313 493 maximum
1357 456 1393 491 in
1435 455 1543 491 terris
1573 454 1658 490 Ma-

253 522 439 558 cedonum
469 536 626 572 regnum
657 537 890 573 nomenque;
925 526 1011 562 inde
1042 535 1162 563 morte
1193 526 1406 563 Alexandri
1437 525 1657 561 distractum

253 594 288 627 in
318 593 436 628 multa
464 606 601 642 regna,
649 594 736 630 dum
782 596 831 631 ad
876 608 916 631 se
953 596 1112 644 quisque
1140 608 1231 645 opes
1261 596 1436 644 rapiunt..
1482 594 1659 631 laceratis

253 662 416 706 viribus3
458 675 480 698 a
520 676 669 699 summo
701 665 864 700 culmine
893 666 1055 703 fortunae
1086 667 1133 703 ad
1165 666 1336 702 ultimum
1366 666 1479 701 finem
1509 670 1657 702 centum

255 732 531 779 quinquaginta
560 746 680 770 annos
710 736 823 771 stetit.

364 802 544 839 victoriae
575 805 760 841 Romanae
790 806 895 843 fama
933 820 1015 844 cum
1061 807 1291 856 pervasisset
1321 806 1357 842 in
1389 805 1546 849 Asiam,
1576 806 1659 841 An-

253 878 381 914 tenor,
425 873 489 920 qui
531 886 614 910 cum
647 875 768 912 classe
795 876 1006 914 lemborum
1039 879 1087 914 ad
1120 879 1276 914 Phanas
1307 878 1458 921 stabat,
1493 874 1658 912 Cassan-

256 943 376 979 driam
425 944 512 980 inde
553 945 711 984 traiecit.
789 946 832 985 C.
864 948 1059 996 Popilius,
1112 948 1174 996 qui
1214 948 1266 983 ad
1306 947 1443 984 Delum
1484 944 1659 994 praesidio

253 1014 414 1050 navibus
443 1015 711 1051 Macedoniam
743 1018 957 1065 petentibus
988 1025 1081 1063 erat,
1126 1026 1330 1067 postquam
1363 1017 1591 1054 debellatum
1621 1015 1660 1051 in

254 1084 484 1121 Macedonia
510 1092 547 1121 et
576 1087 740 1122 statione
770 1097 980 1124 summotos
1013 1090 1176 1125 hostium
1216 1089 1363 1124 lembos
1394 1087 1561 1130 audivit,
1600 1085 1660 1122 di-

253 1155 377 1191 missis
395 1164 428 1191 et
449 1156 528 1204 ipse
547 1159 568 1202 †
581 1157 719 1193 Atticis
737 1159 897 1194 navibus
929 1159 976 1195 ad
995 1168 1208 1208 susceptam
1227 1159 1454 1207 legationem
1475 1168 1659 1206 peragen—

254 1224 341 1260 dam
372 1225 556 1273 navigare
586 1227 799 1275 AEgyptum
835 1229 976 1277 pergit,
1022 1238 1062 1266 ut
1102 1231 1205 1279 prius
1238 1241 1436 1265 occurrere
1466 1227 1659 1265 Antiocho

253 1302 405 1342 posset,
437 1308 550 1343 quam
583 1297 631 1332 ad
656 1298 910 1335 Alexandreae
942 1300 1081 1336 moenia
1111 1300 1318 1336 accederet.
1378 1298 1474 1335 Cum
1506 1305 1659 1346 praeter-

254 1365 481 1401 veherentur
510 1367 646 1403 Asiam
678 1367 793 1416 legati
820 1376 856 1405 et
888 1370 1059 1418 Loryma
1094 1370 1305 1414 venissent„
1347 1368 1410 1417 qui
1441 1376 1573 1416 portus
1603 1366 1659 1402 vi-

254 1436 348 1484 ginti
379 1437 495 1484 paulo
529 1438 692 1486 amplius
724 1439 827 1475 milia
865 1441 913 1476 ab
944 1441 1082 1477 Rhodo
1114 1441 1247 1483 abest,
1292 1452 1339 1475 ex
1374 1439 1538 1474 adverso
1578 1437 1660 1473 urbi

256 1506 328 1554 ipsi
371 1508 537 1555 positus,
578 1509 770 1557 principes
811 1510 1048 1546 Rhodiorum
1090 1518 1290 1546 occurrunt
1337 1509 1429 1553 (iam
1476 1508 1572 1543 enirn
1617 1519 1662 1544 eo

260 1589 413 1624 quoque
443 1577 612 1613 victoriae
642 1578 746 1615 fama
777 1581 925 1628 perlata
956 1581 1053 1628 erat)
1085 1589 1251 1624 orantes,
1284 1588 1323 1616 ut
1342 1579 1517 1616 Rhodum
1549 1578 1662 1614 deve-

256 1647 454 1687 hereutur:
486 1648 675 1696 pertinere
705 1650 742 1685 id
775 1651 822 1686 ad
854 1652 996 1687 famam
1029 1651 1269 1699 salutemque
1299 1650 1475 1693 civitatis,
1505 1660 1662 1685 noscere

256 1717 359 1765 ipsos
390 1718 531 1761 omnia,
562 1731 645 1766 quae
673 1729 759 1757 acta
789 1730 913 1757 essent
935 1734 1094 1769 quaeque
1116 1729 1319 1770 agerentur
1335 1720 1473 1763 Rhodi,
1504 1726 1541 1755 et·
1569 1712 1686 1755 con-v

256 1796 364 1836 perta
393 1801 460 1837 per
489 1800 541 1835 se,
572 1803 646 1826 nou
665 1791 821 1839 volgata
851 1791 956 1827 fama
973 1793 1135 1828 Romam
1167 1782 1320 1827 referre.
1371 1791 1446 1826 Diu
1479 1796 1662 1838 negantes

255 1859 523 1907 perpulerunt,
565 1869 606 1896 ut
643 1875 789 1898 moram
821 1862 1078 1910 navigationis
1111 1862 1265 1897 brevem
1296 1873 1365 1909 pro
1396 1861 1519 1896 salute
1550 1860 1662 1897 sociae

257 1929 360 1965 urbis
391 1938 622 1978 paterentur.
701 1932 914 1980 Postquam
951 1933 1127 1970 Rhodum
1160 1939 1312 1968 ventum
1345 1939 1419 1975 est„
1450 1931 1486 1966 in
1517 1931 1661 1968 contio·

257 2011 340 2035 nem
373 2012 525 2049 quoque
556 2014 621 2038 eos
653 2002 766 2039 iidem
805 2004 981 2052 precibus
1018 2009 1296 2052 pertraxerunt.
1372 2002 1573 2040 Adventus
1609 2001 1661 2038 le-

1030 2238 1040 2255 κ.

257 2230 288 2266 6,
319 2234 329 2260 l
361 2231 480 2261 erabns
503 2231 508 2272 Ι
531 2232 679 2263 ultumus
704 2233 778 2263 finis
809 2234 904 2264 Gron.
964 2232 994 2266 7,
1023 2238 1040 2263 i.
1074 2234 1148 2263 inde
1183 2241 1308 2262 morem
1336 2230 1491 2261 alcxandi
1518 2234 1659 2260 tractum

258 2289 362 2318 multa
403 2293 421 2319 3
448 2289 635 2321 lucerantes
665 2290 764 2322 Gron.
816 2296 834 2322 4
862 2292 1014 2322 culminae
1053 2295 1070 2321 5
1099 2290 1271 2321 stetiturbs
1323 2289 1366 2326 X,
1396 2288 1426 2320 1.
1456 2291 1468 2318 l
1499 2286 1660 2328 uictor-iai

258 2344 355 2376 samae
377 2348 381 2385 ᾖ
405 2353 544 2378 auteuos
596 2354 613 2379 2
641 2359 715 2379 cum
743 2349 917 2381 elassisse
939 2351 980 2380 ad
1007 2349 1146 2390 pnlunas
1194 2347 1225 2384 2,
1257 2351 1267 2377 l
1299 2347 1353 2387 qui
1381 2345 1480 2377 delun
1531 2350 1549 2376 4
1576 2345 1662 2376 adti-

258 2416 304 2446 cis
331 2415 431 2446 Aliud
456 2416 544 2455 laten
571 2417 608 2448 de
633 2419 745 2449 Atticis
770 2419 902 2449 naz-ibus·
929 2418 1006 2449 nihil
1031 2417 1125 2449 XL]
1138 2416 1170 2454 V,
1196 2416 1253 2448 29.
1279 2415 1429 2447 Fortasse
1443 2415 1514 2456 suit
1537 2414 1662 2445 adven-

258 2475 355 2506 ticiis.
408 2479 424 2505 5
453 2477 602 2516 pergitur
650 2477 681 2510 3.
715 2481 724 2507 l
757 2477 914 2507 anthioco
965 2481 981 2507 2
1021 2481 1062 2507 ab
1120 2474 1154 2512 4,
1184 2480 1200 2505 2
1228 2475 1347 2505 loriam
1411 2476 1430 2503 3
1457 2473 1541 2503 rodo
1567 2473 1662 2503 abest

259 2538 293 2563 et
328 2534 490 2564 aduersus
524 2535 614 2565 urbis
675 2534 706 2571 5,
737 2539 747 2565 l
789 2541 967 2565 occurrunt
1003 2540 1114 2565 tamen
1149 2534 1180 2563 in
1208 2543 1247 2564 co
1318 2536 1336 2563 2
1363 2531 1486 2563 Dtdcer.
1514 2531 1661 2561 deverte-

260 2598 377 2623 rentur
440 2597 458 2622 4
488 2599 666 2633 essentque
693 2599 871 2632 agerentur
894 2593 964 2623 rodi
993 2591 1064 2632 Δίῃ.
1105 2591 1221 2633 (Gryn.
1259 2596 1371 2622 essent
1402 2588 1662 2630 agerenturque)

259 2650 289 2688 6,
317 2655 334 2680 2
362 2650 596 2691 pcrpulscrunt
619 2651 623 2689 Ι
645 2661 738 2681 mora
764 2651 998 2691 nauigationes
1047 2653 1066 2680 3
1094 2650 1193 2680 urbes
1250 2654 1268 2679 4
1295 2649 1380 2680 idem
1406 2648 1570 2690 praecibus
