1742 2902
457 130 558 161 Liber
584 129 694 160 XLII.
740 130 802 168 (A.
830 127 909 160 chr.
944 130 1039 169 171.)
1351 129 1399 164 87

777 213 798 227 Χ

45 252 165 289 eidem
197 252 394 289 accersito.
467 252 585 300 Argis
613 252 812 300 praebitum
844 259 900 288 cst
931 252 974 287 iis
1005 250 1226 294 concilium3
1272 248 1336 284 ubi
1367 247 1458 284 nihil

45 321 147 358 aliud
177 333 201 356 a
229 327 342 369 gente
372 322 603 357 Achaeorum
636 322 836 369 petierunt,
873 334 986 369 quam
1019 326 1059 356 ut
1094 319 1194 355 mille
1225 317 1361 354 milites
1392 317 1459 352 da·

44 396 138 429 rent.
199 391 244 426 Id
284 391 499 438 praesidium
539 391 587 426 ad
628 389 848 426 Chalcidem
890 390 1089 433 tuendam,
1131 389 1219 425 dum
1260 389 1459 424 Romanus

16 453 233 497 'exercitus
273 460 309 495 in
349 460 542 496 Graeciam
590 460 836 504 traiceretur,
884 460 1039 495 missum
1080 465 1146 494 est.
1212 457 1381 494 Marcius
1424 462 1460 492 et

43 530 197 575 Atilius,
227 530 406 577 peractis,
438 543 522 577 quae
551 529 700 578 agenda
724 530 761 565 iu
787 529 940 566 Graecia
965 535 1084 574 erant,
1115 527 1301 575 principio
1325 526 1460 562 hiemis

0 594 1 605 ¹
42 599 206 636 Romam
238 599 443 637 redierunt.

151 668 246 704 Inde
276 668 417 716 legatio
448 668 518 703 sub
549 667 648 703 idem
673 674 821 716 tempus
853 669 890 704 in
921 668 1056 705 Asiam
1090 674 1122 703 et
1148 667 1288 703 circum
1314 663 1457 700 insulas

0 777 2 784 y
41 737 168 774 missa.
227 739 325 774 Tres
370 743 479 773 erant
518 737 652 784 legati,
693 738 754 776 Ti.
792 737 993 783 Claudius,
1033 738 1099 785 Sp.
1132 734 1373 779 Postumum,
1404 734 1458 771 M.

0 808 1 824 ³
42 807 186 844 Iunius.
248 807 280 843 Ii
317 807 593 842 circumeuntes
636 808 890 843 hortabantur
925 808 1049 843 socios
1090 807 1138 843 ad
1179 803 1459 851 suscipiendum

42 877 225 914 adversus
256 876 400 911 Persea
425 888 497 923 pro
528 876 713 912 Romanis
746 876 899 921 bellum,
931 883 979 921 ct,
1010 889 1085 924 quo
1112 890 1273 924 quaeque
1304 876 1460 924 opulen-

40 947 115 984 tior
144 945 279 982 civitas
311 950 404 989 erat,
432 958 476 981 eo
503 945 717 981 accuratius
748 947 926 993 agebant,
958 947 1048 993 quia
1080 947 1245 982 minores
1276 953 1461 982 secuturae

42 1017 227 1053 maiorum
268 1015 533 1051 auctoritatem
573 1021 693 1051 crant.
763 1015 903 1051 Rhodii
943 1016 1101 1051 maximi
1133 1017 1183 1052 ad
1218 1016 1347 1051 onmia
1377 1028 1458 1051 mo-

40 1086 155 1123 menti
180 1085 434 1129 habebantur,
459 1085 547 1132 quia
573 1097 649 1120 non
672 1083 805 1120 fovere
834 1091 995 1130 tantum,
1026 1086 1092 1121 sed
1127 1086 1312 1122 adiuvare
1342 1085 1457 1121 etiam

39 1156 184 1193 viribus
206 1154 282 1190 Suis
307 1153 447 1189 bellum
477 1160 666 1202 poterant,
685 1154 943 1202 quadraginta
964 1155 1127 1191 navibus
1150 1162 1307 1191 auctore
1328 1156 1457 1202 Hege-

39 1226 183 1263 silocho
225 1224 462 1272 praeparatis.
538 1224 633 1270 Qui,
676 1237 761 1260 cum
801 1225 838 1260 in
882 1236 1031 1259 summo
1083 1224 1310 1271 magistratu
1359 1230 1459 1259 esset

41 1295 238 1344 (prytanin
269 1293 341 1342 ipsi
372 1295 541 1340 vocant)a
579 1293 706 1329 multis
739 1293 976 1329 orationibus
1010 1292 1244 1340 perduxerat
1274 1293 1460 1337 Rhodios,

38 1372 80 1402 ut
110 1365 276 1408 omissa,
309 1375 422 1410 quam
453 1375 554 1410 saepe
588 1376 727 1399 vanam
761 1363 908 1411 experti
941 1370 1076 1408 essent,
1107 1375 1241 1410 regum
1273 1362 1459 1399 fovendo-

37 1448 121 1472 rum
152 1447 232 1482 spe,
264 1434 478 1469 Romanam
507 1433 742 1478 societatem,
775 1446 889 1468 unam
922 1439 1000 1468 tum
1028 1432 1065 1468 in
1091 1433 1201 1468 terris
1234 1433 1294 1468 vel
1314 1433 1458 1468 viribus

37 1504 97 1541 vel
126 1504 201 1540 fide
231 1502 430 1547 stabilem,
468 1502 693 1538 retinerent:
740 1503 889 1539 Bellum
928 1502 1126 1538 imminere
1166 1514 1250 1537 cum
1293 1503 1457 1546 Perse03

38 1574 321 1610 desideraturos
364 1572 563 1607 Romanos
607 1573 767 1609 eundem
819 1572 995 1608 navalem
1042 1577 1294 1619 apparatum,
1345 1584 1458 1618 quern

38 1656 158 1691 nuper
187 1641 383 1686 Antiochi7
413 1653 524 1688 quem
560 1642 731 1690 Philippi
761 1648 848 1678 ante
879 1642 979 1678 bello
1010 1641 1206 1678 vidissent.
1266 1640 1456 1688 Trepida-

38 1719 144 1750 turos
184 1718 263 1748 tum
306 1718 462 1759 repente
501 1712 677 1759 paranda
718 1712 861 1756 classe,
904 1724 988 1746 Cum
1024 1711 1209 1746 mittenda
1240 1716 1351 1754 esset,
1386 1710 1459 1745 nisi

38 1784 192 1820 reficere
222 1794 360 1826 naves,
404 1781 475 1816 nisi
512 1781 698 1817 instruere
733 1782 936 1818 navalibus
976 1780 1089 1815 sociis
1134 1780 1349 1828 coepissent.
1411 1779 1460 1814 Id

40 1866 85 1890 eo
117 1853 239 1901 magis
262 1851 372 1888 enixe
402 1851 622 1887 faciundum
656 1864 751 1897 esse,
782 1858 823 1888 ut
853 1851 1012 1887 crimina
1049 1850 1175 1886 delata
1207 1851 1254 1886 ab
1287 1850 1459 1886 Eumene

39 1923 113 1960 fide
132 1935 258 1959 rerum
276 1920 502 1957 refellerent.
547 1922 619 1958 His
644 1921 790 1957 incitati
822 1921 1079 1969 quadraginta
1114 1920 1270 1956 navium
1295 1920 1456 1956 classem

40 2121 72 2161 7,
103 2126 114 2153 1
143 2123 214 2162 argi
236 2122 241 2164 1
263 2123 285 2154 ii
307 2124 311 2164 1
335 2125 390 2154 ubi
407 2134 458 2156 res
472 2125 564 2155 aliud
588 2123 706 2154 Vereor
721 2124 768 2161 (ut
782 2121 856 2160 IL),
885 2132 920 2152 ne
941 2122 1020 2152 inter
1041 2131 1092 2152 res
1107 2127 1136 2152 et
1148 2121 1239 2152 aliud
1253 2119 1349 2161 plura
1363 2121 1457 2151 inter-

41 2179 180 2212 ciderint.
233 2185 251 2211 2
280 2191 435 2212 aecor-um
486 2183 518 2219 8,
539 2186 551 2213 l
571 2182 735 2212 calcidona
798 2180 907 2217 XLV,
925 2179 986 2215 1,1
1018 2179 1050 2209 in
1078 2179 1183 2209 asiam
1212 2179 1336 2209 circum
1364 2177 1455 2209 Duk.

41 2236 73 2276 2,
102 2242 114 2269 1
145 2244 166 2270 t.
194 2239 347 2270 claudius
371 2238 481 2280 Siyon.
506 2240 510 2279 1
533 2251 564 2280 p.
592 2239 781 2279 postumius
800 2237 908 2268 Drcdc.
977 2241 995 2267 3
1029 2237 1174 2266 aduerus
1201 2245 1319 2277 persea
1345 2245 1457 2266 roma-

40 2296 92 2326 nis
142 2300 161 2326 4
185 2296 336 2328 ciuitates
359 2299 364 2334 1
387 2297 533 2336 agebant
556 2298 588 2327 in
615 2307 679 2336 qua
707 2297 851 2326 minores
909 2294 940 2331 3,
972 2298 985 2324 1
1015 2294 1088 2324 rodi
1115 2295 1297 2324 maximum
1321 2292 1326 2334 ξ
1350 2293 1457 2323 moni-

42 2354 144 2384 menti
194 2357 212 2384 2
232 2353 346 2384 fauere
362 2353 493 2396 Kreyss.
518 2353 523 2395 Ι
546 2355 747 2385 adiuuarent
766 2352 892 2383 uiribus
931 2356 949 2382 3
966 2352 1162 2391 hegesiloco
1185 2351 1336 2389 L'rsimts;
1356 2350 1454 2392 Gryn.

42 2408 203 2449 Hegesilo
237 2415 256 2441 4
276 2409 374 2452 Gryn.
393 2413 594 2452 comparatis
619 2411 652 2449 4,
672 2415 683 2441 l
704 2411 936 2449 magistratum
964 2412 981 2439 2
999 2408 1454 2450 multioi‘ationibusKreJSS.

43 2465 162 2509 (Gr-yn.
193 2468 308 2499 multis
341 2469 541 2509 rationibus)
571 2468 575 2510 Ι
603 2469 790 2509 pei-uicerat
817 2468 929 2498 rodios
965 2466 1037 2507 My.
1066 2466 1137 2497 Em.
1166 2466 1241 2498 536
1282 2465 1458 2507 (Scriptum

43 2524 133 2559 etiam
144 2525 250 2566 fuisse
272 2531 375 2566 potest
390 2527 576 2566 pervicerat
594 2531 675 2566 aput
700 2524 870 2565 Rhodios)
909 2528 926 2555 3
946 2533 1034 2564 saepe
1052 2534 1120 2554 una
1138 2525 1269 2565 experti
1307 2528 1326 2554 4
1350 2524 1458 2554 socie-

43 2581 205 2613 tationem
225 2592 293 2614 una
342 2587 359 2613 5
380 2583 518 2614 stabiles
578 2582 610 2621 5,
642 2587 654 2613 l
684 2583 1074 2622 imminerentumperseo
1117 2586 1135 2613 3
1163 2582 1313 2613 anthioci
1378 2581 1410 2619 6,
1438 2584 1457 2612 2

41 2646 114 2670 esse
178 2643 198 2670 3
224 2641 374 2672 reuicere
395 2641 401 2681 l
423 2640 830 2681 coepissenteoagirenixae
853 2639 1049 2671 faciundum
1077 2644 1129 2671 est
1154 2649 1188 2671 se
1214 2644 1252 2670 ut

1515 664 1569 709 45

1490 739 1511 774 [Q
