1753 2934
801 142 866 169 vti

130 270 230 300 reret
258 271 376 300 totum
408 265 479 300 hoc
509 275 578 298 sua
609 275 725 310 opera
757 262 792 297 in
815 262 997 298 eiusmodi
1029 262 1216 310 epitomas
1234 262 1428 310 redigendi
1446 274 1535 298 con·

131 319 268 363 silium,
299 319 420 355 omnis
450 319 486 355 in
519 318 693 366 epitomis
732 330 854 353 rerum
873 318 1038 353 delectus
1070 325 1106 353 et
1137 318 1338 365 expositio,
1369 330 1414 353 ne
1445 318 1534 366 quid

131 374 254 410 dicam
286 374 332 409 de
363 376 435 410 fine
465 374 651 422 periochae
691 385 799 408 nonae
843 380 907 408 aut
937 373 983 408 de
1014 385 1080 415 e0,
1123 373 1225 419 quod
1256 373 1305 408 ad
1337 373 1424 421 epit.
1462 374 1526 409 121

132 436 347 472 annotatur,
377 429 609 465 similibusve
639 428 797 464 indiciis.
861 429 921 464 Ae
952 428 997 463 de
1028 440 1151 463 rerum
1183 428 1329 463 delectu
1367 428 1414 464 ad
1445 441 1534 464 con-

130 484 252 519 silium
285 484 472 532 epitomas
503 483 724 520 conficiendi
755 496 837 518 cum
871 483 1087 518 scholarum
1129 482 1262 518 studiis
1293 484 1533 520 coniunctum

130 546 382 587 attemperato
413 540 617 587 prudenter
653 538 801 586 scripsit
836 538 991 573 Iahnius
1031 538 1067 573 in
1106 538 1329 584 praefatione
1370 551 1404 586 p.
1438 539 1535 575 XII.

130 593 200 629 nisi
231 594 333 641 quod
364 595 432 630 has
454 595 652 643 periochas
683 594 787 629 initio
819 606 901 629 cum
934 593 1024 640 ipsis
1044 592 1139 628 Livii
1172 593 1275 629 libris
1307 594 1534 629 coniunctim

131 648 291 685 describi
322 649 453 685 solitos
484 658 604 697 putat.
673 648 782 685 Alius
805 648 901 684 enim
931 648 1080 695 generis
1110 656 1197 682 sunt
1227 648 1368 684 indices
1399 649 1533 685 collec-

130 704 250 739 taneis
287 705 399 740 Plinii
445 713 481 740 et,
510 704 624 741 Gellii
660 704 863 752 praepositi.
930 705 1000 739 llae
1043 703 1229 751 periochae
1272 716 1315 739 eo
1351 711 1534 752 tempore,

130 770 205 806 quo
224 760 351 794 omnia
368 760 491 795 studia
510 761 545 795 in
564 760 740 806 exiguum
761 759 888 794 orbem
907 759 1240 801 contrahebantur,
1271 759 1531 795 Romanarum

129 822 252 850 autem
290 814 417 850 liberae
447 815 499 850 rei
528 815 685 863 publicae
728 827 852 849 rerum
897 814 1062 861 cognitio
1107 825 1155 848 ex
1199 814 1281 849 solo
1326 814 1404 850 fere
1437 815 1533 850 Livii

129 880 243 916 opere
274 870 530 911 hauriebatur,
578 882 621 905 eo
664 869 820 905 consilio
851 869 1000 916 scriptae
1030 876 1128 912 sunt,
1173 876 1213 904 ut
1243 869 1279 904 in
1311 870 1532 916 quotidiano

129 931 165 959 et
204 925 431 960 scholastico
476 938 543 960 usu
585 925 816 972 integrorum
852 925 947 959 Livii
992 924 1185 967 librorum,
1235 936 1382 972 magnae
1424 925 1533 960 molis

128 980 331 1027 magnique
362 981 470 1028 pretii
490 980 736 1023 voluminum,
766 979 890 1015 locum
922 986 1103 1021 tenerent„
1134 991 1255 1026 eaque
1281 980 1363 1027 ipsa
1384 980 1533 1016 videtur

127 1033 244 1070 fuisse
271 1047 398 1079 causa,
430 1048 496 1071 cur
525 1035 762 1071 narrationes
793 1034 1043 1082 exemplaque
1075 1035 1122 1069 ad
1140 1035 1332 1070 rhetorum
1366 1036 1533 1071 themata

126 1090 298 1125 ornanda
329 1100 420 1138 apta
450 1090 633 1138 prolixius
672 1103 784 1136 quam
826 1102 895 1137 pro
937 1089 1082 1137 reliqua
1125 1090 1311 1125 brevitate
1351 1102 1531 1138 excerpe—

127 1152 268 1189 rentur,
301 1154 415 1192 atque
434 1146 593 1181 aliorum
616 1145 811 1187 librorum,
844 1144 989 1180 nobiles
1021 1145 1308 1192 celebratasque
1338 1144 1444 1181 fama
1473 1158 1533 1181 res

126 1201 368 1236 tractantium
412 1204 466 1247 (ut
501 1214 652 1244 eorum,
697 1200 833 1247 quibus
873 1201 1136 1236 continebatur
1175 1200 1314 1236 bellum
1346 1201 1530 1236 Punicum

126 1255 275 1291 tertium
310 1262 346 1291 et
362 1257 604 1301 Achaicum),
635 1255 838 1302 longiores„
866 1255 1026 1291 aliorum
1060 1261 1117 1295 (ut
1137 1255 1220 1291 libri
1240 1258 1305 1298 53)
1338 1256 1532 1292 breviores

123 1311 398 1347 conficerentur
427 1312 627 1359 periochae,
658 1323 787 1346 eorum
821 1310 970 1358 quidem
1003 1311 1246 1355 brevissimae,
1278 1311 1341 1358 qui
1373 1311 1421 1347 ad
1450 1311 1532 1347 Cae-

125 1365 221 1400 saris
257 1366 332 1401 iam
362 1366 528 1414 Augusti
568 1374 742 1413 tempora
781 1366 1010 1413 pertinentes
1053 1379 1113 1402 res
1152 1367 1336 1402 haberent
1367 1367 1531 1403 motibus

126 1426 163 1455 et
192 1421 379 1457 varietate
409 1422 530 1457 minus
561 1421 725 1469 insignes
757 1422 954 1468 minusque
989 1421 1094 1456 fama
1125 1421 1260 1465 claras7
1309 1434 1422 1469 quam
1469 1422 1532 1469 qui

124 1474 162 1510 in
193 1476 320 1512 liberae
351 1477 403 1512 rei
436 1477 595 1525 publicae
626 1477 860 1524 temporibus
901 1477 1162 1512 versabantur.
1228 1477 1321 1512 Haee
1352 1477 1414 1524 qui
1447 1490 1530 1525 per-

125 1531 315 1578 penderit„
360 1532 406 1568 de
449 1532 637 1567 nonnullis
679 1544 725 1567 ex
765 1532 809 1567 iis
839 1531 951 1576 locis7
1000 1543 1094 1579 quos
1125 1532 1282 1568 Iahnius
1321 1545 1357 1580 p.
1390 1533 1449 1568 XI
1483 1533 1530 1569 ab

126 1585 251 1622 aliena
282 1599 394 1622 manu
433 1595 566 1635 postea
597 1587 747 1622 additos
779 1587 945 1634 putavit,
996 1587 1106 1622 aliter
1144 1594 1306 1630 statuet,
1351 1587 1453 1623 velut
1485 1588 1531 1623 de

124 1649 295 1677 extrema
325 1650 433 1690 parte
465 1643 652 1690 periochae
677 1644 725 1677 49
758 1649 793 1677 et
824 1642 1011 1690 periochae
1031 1643 1093 1677 99.
1156 1642 1252 1686 Nec,
1284 1654 1367 1690 quae
1400 1643 1530 1690 primae

123 1696 388 1744 periocharum
409 1696 540 1733 formae
558 1704 692 1745 postea
717 1698 963 1745 superaddita
987 1705 1085 1742 sunt,
1107 1698 1235 1733 omnia
1266 1698 1390 1734 aliena
1416 1711 1530 1734 manu

124 1751 254 1787 addita
298 1753 423 1796 credo,
472 1753 538 1788 sed
585 1753 759 1800 quaedam
810 1759 876 1788 aut
915 1752 1079 1788 fortasse
1125 1752 1308 1800 pleraque
1352 1754 1400 1789 ab
1446 1754 1529 1801 ipso

122 1807 387 1854 periocharum
420 1807 647 1844 confectore.
707 1806 913 1844 Conferent
944 1808 1085 1855 aliquid
1113 1809 1161 1843 ad
1192 1809 1272 1844 haee
1300 1809 1531 1845 declaranda

124 1868 161 1897 et
190 1863 463 1905 confirmanda,
495 1875 577 1910 quae
609 1875 631 1898 a
658 1876 717 1899 me
749 1871 836 1898 ante
866 1863 1011 1910 aliquot
1042 1875 1161 1898 annos
1178 1864 1326 1900 Danice
1356 1864 1531 1912 exposita

123 1916 170 1952 de
211 1917 378 1965 epitoma
408 1918 508 1954 Livii
549 1917 664 1965 paulo
710 1918 819 1953 aliter
849 1919 897 1953 ab
937 1919 1088 1954 homine
1129 1919 1271 1965 quarti,
1311 1927 1352 1954 ut
1382 1920 1529 1967 opinor,

122 1973 260 2011 saeculi,
292 1973 440 2010 Granio
461 1973 656 2009 Liciniano
681 1973 853 2008 instituta
885 1973 958 2009 alio
989 1982 1160 2021 tempore
1190 1981 1408 2010 exterorum
1441 1987 1529 2023 eog-

120 2027 254 2063 nitioni
285 2029 575 2064 commendabo.
639 2029 775 2064 Plures
815 2029 986 2064 homines
1031 2029 1189 2064 similem
1223 2029 1260 2064 in
1295 2030 1391 2065 Livii
1425 2030 1529 2067 libris

122 2094 278 2130 operam
309 2084 528 2131 sumpsisse,
559 2083 619 2119 vel
650 2096 696 2119 ex
727 2084 875 2119 duabus
897 2084 1071 2132 epitomis
1099 2084 1184 2119 libri
1214 2085 1325 2133 primi
1357 2092 1529 2133 apparet,

122 2149 282 2185 quarum
314 2139 505 2186 posterior
534 2138 659 2175 forma
692 2146 727 2175 et
758 2139 869 2186 copia
899 2152 982 2175 cum
1021 2139 1154 2175 ceteris
1186 2140 1308 2188 magis
1343 2141 1528 2188 congruit.

120 2193 234 2240 Nunc
264 2194 471 2242 scripturas
494 2194 688 2230 Iahnianae
720 2195 894 2230 editionis
923 2208 942 2230 a
961 2195 1099 2230 nostris
1117 2195 1375 2243 discrepantes
1397 2209 1528 2232 omnes

119 2247 393 2293 indicabimus,
438 2250 578 2285 notatis
619 2257 835 2285 nostrarum
870 2250 1141 2298 scripturarum
1172 2249 1341 2286 fontibus
1372 2259 1409 2286 et
1438 2264 1528 2288 aue-

119 2304 355 2348 toritatibus,
400 2317 621 2352 paucaque,
666 2318 749 2353 quae
792 2305 1023 2341 notabiliora
1062 2305 1313 2351 videbuntur,
1363 2307 1530 2353 breviter

121 2357 555 2407 commemorabimus.¹)

154 2495 183 2540 ¹)
209 2499 240 2531 N
274 2502 422 2532 codicem
449 2501 672 2532 Nazarianum
711 2502 896 2541 significat,
936 2514 951 2533 r
984 2502 1187 2534 recentiores
1218 2513 1333 2535 omnes
1363 2504 1526 2545 pluresve,

211 2557 294 2588 quos
322 2547 459 2579 Iahnius
486 2559 504 2582 ς
529 2554 633 2578 notat.
691 2548 829 2579 Numeri
861 2549 994 2580 Arabici
1022 2559 1136 2580 versus
1169 2549 1210 2579 ab
1237 2549 1332 2581 initio
1359 2551 1527 2591 periochae

209 2601 402 2625 numeratos
417 2594 616 2634 significant⁷
643 2595 706 2626 nisi
726 2596 932 2626 ubiadditur
945 2596 1076 2637 paginae
1091 2601 1171 2626 nota
1187 2594 1270 2638 (p.);
1298 2597 1345 2628 ibi
1371 2598 1459 2628 enim
1483 2597 1526 2628 ab

210 2639 305 2671 initio
329 2641 460 2682 paginae
485 2648 716 2673 numerantur.
