1753 2934
201 1325 213 1359 1

168 1526 217 1571 41

341 155 416 190 '200
690 151 792 181 Liber
816 150 941 182 XLIV.
993 151 1054 190 (A.
1081 161 1111 181 u.
1140 159 1166 181 c.
1195 151 1291 190 586.)

284 282 318 312 et
348 273 510 311 Romani
541 274 803 320 aquabantur,
846 274 1030 322 praesidiis
1064 288 1110 311 ex
1140 281 1300 323 utraque
1330 274 1412 323 iipa
1441 274 1594 323 positis,
1637 282 1677 312 ut

232 347 252 380 5
283 346 320 382 id
358 344 483 380 facere
519 350 600 379 tuto
642 352 806 392 possent.
865 344 961 379 Duae
995 345 1168 381 cohortes
1205 358 1228 381 a
1269 352 1376 393 parte
1415 345 1675 382 Romanorum

283 421 402 458 erant,
431 413 652 450 Marrucina
683 420 719 450 et
749 414 929 462 Peligna3
962 414 1045 450 duae
1077 421 1209 451 turmae
1240 413 1465 452 Samnitium
1498 414 1677 463 equitum,

231 486 252 520 6
284 484 418 532 quibus
448 490 610 532 praeerat
638 484 691 520 M.
723 484 876 531 Sergius
908 484 1008 521 Silus
1041 484 1207 532 legatus3
1247 492 1281 521 et
1312 485 1414 521 aliud
1444 497 1513 533 pro
1544 485 1677 522 castris

229 692 247 702 .-

234 702 243 725 Ι

226 832 247 867 8

225 1113 246 1148 9

226 1325 246 1357 0

224 1813 245 1848 10

281 554 460 591 stativom
491 560 571 590 erat
601 554 816 602 praesidium
847 555 916 590 sub
948 553 991 592 C.
1026 553 1161 591 Cluvio
1192 554 1340 603 legato,
1383 561 1458 591 tres
1489 555 1677 600 cohortes,

282 624 476 666 Firmana,
506 623 678 665 Vestina,
706 622 989 666 C1·emonensis;
1030 624 1112 659 duae
1143 631 1273 660 turmae
1305 624 1483 672 equiturn,
1513 624 1678 661 Placen-

281 694 359 730 tina
390 700 427 730 et
456 693 675 731 AEsernina.
735 692 829 730 Cum
861 693 978 729 otium
1005 694 1054 730 ad
1083 695 1222 730 flumen
1252 698 1361 735 esset,
1391 693 1531 729 neutris
1559 693 1678 731 laces·

279 763 466 808 sentibus,
503 763 598 799 hora
637 763 783 800 circiter
812 775 912 799 nona
944 763 1152 800 iumentum
1201 778 1220 799 e
1258 764 1430 800 manibus
1467 764 1677 801 curantium

279 834 449 882 elapsum
490 833 526 869 in
563 832 777 869 ulteriorem
813 833 935 882 ripam
967 832 1109 882 effugit.
1167 833 1280 881 Quod
1312 846 1394 871 cum
1428 846 1496 882 per
1525 846 1678 882 aquam,

278 903 397 940 ferme
433 915 551 951 genus
590 909 698 939 tenus
738 903 874 948 altam,
917 910 993 940 tres
1033 903 1170 940 milites
1205 911 1470 951 sequerentur,
1511 905 1679 940 Threces

279 974 354 1010 duo
393 974 431 1010 id
468 974 673 1010 iumentum
713 986 760 1010 ex
797 975 921 1011 medio
963 974 1073 1010 alveo
1113 972 1150 1008 in
1183 985 1289 1009 suam
1321 973 1442 1021 ripam
1474 973 1679 1018 traherent,

279 1045 398 1081 altero
430 1057 560 1081 eorum
592 1044 716 1080 occiso
753 1051 983 1093 receptoque
1014 1044 1200 1088 iumento,
1231 1043 1279 1079 ad
1302 1044 1502 1080 stationem
1524 1055 1678 1080 suorum

277 1128 314 1151 se
343 1115 586 1163 recipiebant.
634 1113 946 1163 Octingentorum
978 1115 1171 1151 Thracum
1203 1113 1418 1162 praesidium
1448 1113 1483 1149 in
1514 1113 1677 1150 hostium

278 1184 361 1233 ripa
391 1191 483 1221 erat.
541 1185 602 1221 Ex
631 1185 689 1221 his
720 1186 831 1233 pauci
862 1185 998 1234 primo,
1028 1196 1126 1231 aegre
1157 1184 1259 1232 passi
1289 1184 1511 1232 popularem
1542 1183 1579 1219 in
1610 1194 1678 1219 suo

278 1260 480 1302 conspectu
512 1266 662 1299 caesum,
693 1255 741 1290 ad
771 1253 1053 1303 persequendos
1081 1252 1340 1290 interfectores
1371 1254 1524 1290 fluvium
1555 1259 1678 1290 trans-

277 1324 396 1372 gressi
427 1331 524 1368 sunt„
559 1324 643 1360 (lein
675 1325 812 1373 plures,
843 1330 1036 1373 postremo
1068 1336 1216 1368 omnes,
1248 1329 1284 1359 et
1313 1335 1397 1359 cum
1427 1323 1602 1372 praesidio

278 1464 450 1513 proelium
483 1465 596 1503 ducit.

390 1535 573 1571 Movebat
602 1535 747 1583 imperii
788 1535 988 1576 maiestas,
1018 1533 1141 1581 gloria
1170 1532 1263 1575 viri,
1299 1539 1386 1569 ante
1417 1533 1543 1569 onmia
1573 1539 1678 1578 aetas,

278 1605 378 1652 quod
410 1605 534 1641 maior
562 1605 760 1653 sexaginta
792 1605 899 1640 annis
930 1603 1107 1639 iuvenum
1137 1602 1265 1638 munia
1292 1603 1329 1638 in
1349 1609 1457 1651 parte
1486 1604 1679 1652 praecipua

277 1674 418 1711 laboris
450 1675 681 1723 periculique
712 1674 946 1723 capessebat.
1007 1672 1268 1716 Intervallum,
1299 1673 1401 1720 qnod
1431 1673 1526 1710 inter
1556 1681 1676 1710 cetra-

277 1751 336 1780 tos
378 1751 412 1780 et
451 1745 660 1793 phalanges
700 1751 803 1787 erat,
853 1743 1010 1791 inplevit
1050 1742 1148 1789 legio
1189 1742 1312 1789 adque
1352 1742 1469 1778 aciem
1514 1743 1678 1779 hostium

278 1815 486 1863 interrupit.
549 1817 586 1851 A
624 1822 730 1863 tergo
762 1814 892 1851 cetrati
922 1820 1049 1856 erant,
1091 1798 1251 1849 frontem
1283 1812 1465 1848 adversus
1495 1812 1679 1861 clipeatos

277 1885 463 1927 habebat3
504 1885 763 1933 chalcaspides
804 1883 1108 1932 appellabantur.
1169 1882 1382 1919 Secundam
1413 1883 1600 1931 legionem
1632 1883 1676 1920 L.

278 2020 296 2047 3
310 2017 519 2057 cquabantnr
543 2017 574 2055 ἴ),
593 2021 602 2048 1
622 2024 742 2058 apertae
759 2026 974 2047 romanorum
1001 2019 1018 2046 2
1035 2015 1230 2046 marrucinae
1257 2019 1275 2046 3
1291 2015 1381 2056 sylus
1394 2013 1503 2056 Slyon.
1534 2014 1565 2052 G,
1579 2019 1596 2045 2
1613 2021 1679 2046 sta-

278 2087 333 2116 tim
369 2092 509 2117 uoucrat
551 2087 554 2123 Ι
594 2086 760 2125 legatores
798 2085 952 2116 cohortes
1025 2088 1042 2115 3
1085 2084 1526 2126 placentisnaeptessernina
1568 2083 1676 2126 Siyon.

277 2144 395 2185 (Gryn.
425 2150 457 2174 et
481 2143 686 2184 Esscrnina)
736 2144 765 2176 7.
795 2148 811 2174 2
840 2153 897 2173 ora
919 2144 925 2182 ¹,
947 2148 1065 2183 quarta
1096 2143 1192 2173 (Iron.
1217 2153 1231 2171 e
1258 2142 1342 2173 Plnt.
1362 2141 1474 2173 Αίηιίἶ.
1495 2141 1552 2173 22.
1604 2142 1636 2178 8,
1659 2145 1677 2173 2

281 2211 378 2253 Gryn.
407 2218 607 2251 genustenus
646 2212 823 2254 (Grypln'zts
849 2222 937 2252 genu
971 2212 1080 2252 tenus)
1115 2212 1119 2249 Ι
1155 2199 1276 2243 streccs
1303 2211 1514 2243 Probabiliter
1546 2211 1678 2243 Ursinus

281 2270 492 2310 Thi-evesque
556 2274 574 2301 3
603 2271 707 2310 ripam
735 2271 905 2301 tradentes
938 2269 1041 2300 [fs-sin.
1077 2268 1196 2311 (Gr-yn.
1226 2269 1396 2300 trahentes
1430 2269 1553 2301 stellula
1577 2280 1677 2310 appo-

276 2327 347 2364 sita,
374 2329 558 2369 &sortasse
584 2328 705 2359 verbum
741 2327 881 2367 accidit.)
944 2332 963 2357 4
989 2333 1189 2367 receptoque
1225 2337 1263 2357 co
1297 2328 1444 2358 iumento
1477 2327 1550 2358 Ant.
1586 2326 1678 2358 Peri-

277 2385 382 2416 :onius
411 2387 414 2425 1
445 2396 578 2417 suorum
605 2386 810 2426 recipiebant
882 2385 913 2417 9.
945 2388 956 2415 l
997 2390 1122 2415 tracum
1197 2385 1251 2421 10,
1280 2389 1291 2416 l
1329 2384 1367 2416 In
1392 2385 1546 2426 praesidio
1563 2384 1680 2424 finitur

278 2441 474 2483 confictis-fol.
503 2443 575 2473 141.
617 2441 845 2474 Jnterciderunt
871 2442 1081 2484 quaterniones
1108 2441 1249 2474 XXVI
1264 2442 1354 2484 solia
1380 2442 1442 2473 duo
1468 2441 1581 2480 media,
1608 2453 1678 2481 quoe

279 2500 471 2531 continebant
493 2512 605 2542 pugnae
623 2499 668 2531 ad
685 2499 833 2541 Pydnam
859 2500 1068 2531 narrationem
1089 2511 1181 2541 usque
1207 2499 1253 2531 ad
1269 2511 1334 2531 eum
1361 2499 1469 2537 locum,
1495 2511 1555 2541 quo
1572 2498 1677 2531 AEmi-

279 2557 337 2589 lius
362 2557 506 2598 leyionem
539 2559 670 2598 primam
705 2560 734 2589 in
767 2558 863 2589 aciem
897 2556 1055 2588 induxisse
1081 2556 1251 2589 dicebatur.
1314 2557 1451 2598 (Eadem
1477 2556 1561 2589 Plut.
1587 2556 1676 2589 AEm.

278 2615 331 2651 18,
358 2614 411 2651 19,
439 2616 488 2646 20
511 2626 622 2656 parum
649 2615 789 2647 distincte
814 2615 988 2655 narravit.)
1058 2615 1156 2652 XLI,
1183 2615 1222 2653 1,
1253 2619 1265 2646 l
1297 2615 1412 2656 imperi
1466 2619 1485 2646 4
1512 2615 1674 2658 inplebit!

279 2673 349 2704 acie
398 2672 429 2708 2,
455 2676 465 2703 l
497 2674 629 2704 cetratis
655 2680 725 2704 crat
752 2673 822 2715 sssy.
851 2673 921 2705 Em.
949 2673 1019 2704 5⁸8
1047 2674 1051 2712 Ι
1081 2673 1252 2714 clupeatos
1303 2677 1320 2704 2
1350 2673 1554 2715 caclaspides
1577 2671 1673 2706 Gron-

280 2729 396 2772 (Gryn.
425 2730 631 2771 aglaspidcs)

1747 2256 1753 2402 1

1744 2407 1753 2499 l

1740 2502 1753 2631 ‚l

1739 2618 1750 2716 η

1730 2720 1747 2934 l
