1753 2934
350 120 427 156 228
704 117 811 147 Liber
830 116 942 148 XLV.
993 116 1052 155 [A.
1078 126 1109 146 u.
1137 127 1165 147 c.
1193 116 1287 155 587.)

295 242 353 277 De
396 240 577 289 prodigiis
616 239 750 275 deinde
787 239 966 275 nuntiatis
1006 246 1158 275 senatus
1199 246 1255 275 est
1293 240 1495 277 consultus.
1566 241 1688 277 AEdes

293 312 401 347 deum
445 310 644 347 Penatium
685 310 720 345 in
760 310 872 346 Velia.
911 310 957 345 ‹le
1000 310 1090 346 caelo
1131 316 1234 347 tacta
1274 319 1371 350 erat:
1415 317 1450 345 et
1481 310 1516 345 in
1547 311 1688 358 oppido

292 380 479 417 Minervio
526 381 608 416 ‹luae
657 386 774 428 portae
817 387 851 416 ct
897 380 992 416 muri
1041 380 1286 428 aliquantum.
1359 379 1545 427 Anagniae
1589 388 1690 416 terra

291 450 451 498 pluerat,
481 456 517 486 et
540 450 685 486 Lanuvi
706 450 772 486 fax
802 451 837 486 in
869 450 959 486 caelo
990 450 1072 486 visa
1103 458 1195 493 erat,
1226 458 1260 487 et
1284 450 1441 488 Calatiae
1470 451 1507 486 in
1538 450 1689 499 publico

291 532 385 568 agro
416 521 470 558 M.
501 520 680 556 Valerius
724 520 815 556 civis
849 520 1045 556 Romanus
1083 522 1281 557 nuntiabat
1311 534 1357 557 ex
1391 521 1476 557 foco
1506 533 1574 556 suo
1604 532 1689 555 san-

291 591 441 639 guinem
472 603 540 639 per
570 591 732 626 triduum
764 597 800 626 ct
829 590 924 626 «luas
953 597 1081 627 noctes
1115 603 1300 628 manasse.
1368 590 1428 627 Ob
1458 591 1496 626 id
1527 591 1691 626 maxime

292 661 494 696 decemviri
515 661 631 697 libros
655 661 758 696 adire
779 660 881 704 iussi,
903 661 1216 709 supplicationem
1238 662 1274 697 in
1297 661 1395 696 diem
1420 673 1532 697 unum
1550 660 1691 708 populo

293 731 490 767 edixerunt
527 737 563 766 et
603 731 880 779 quinquaginta
909 731 1034 778 capris
1066 731 1102 767 in
1143 730 1228 767 foro
1258 731 1578 766 sacrificaverunt.
1644 731 1690 767 Et

293 801 452 837 aliorum
503 801 760 849 prodigiorum
810 812 926 836 causa
975 801 1072 838 diem
1124 802 1280 837 alterum
1325 800 1550 848 snpplicatio
1593 800 1693 837 circa

294 872 422 908 omnia
451 871 665 919 pulvinaria
694 870 763 906 fuit
802 876 837 905 et
876 870 1008 906 hostiis
1051 872 1256 907 maioribus
1289 871 1540 906 sacrificatum
1573 875 1629 905 est
1657 876 1694 905 et

294 942 381 978 urbs
425 942 598 978 lustrata.
679 940 789 979 Item,
831 940 932 986 quod
973 941 1020 976 ad
1061 942 1242 978 honorem
1285 941 1394 976 deum
1437 940 1692 976 inmortalium

291 1012 513 1060 pertineret,
557 1010 722 1047 decrevit
750 1017 924 1054 senatus„
961 1018 1019 1053 ut,
1059 1012 1236 1060 quoniam
1277 1010 1486 1059 perduelles
1514 1009 1694 1057 superati,

292 1082 455 1118 Perseus
495 1088 529 1118 ct
571 1081 733 1119 Gentius
770 1092 877 1127 reges
919 1092 1001 1116 cum
1043 1081 1269 1118 Macedonia
1309 1081 1433 1128 adque
1467 1079 1618 1128 Illyrico
1657 1079 1694 1114 in

293 1158 480 1200 potestate
510 1152 641 1200 populi
671 1151 833 1188 Romani
853 1159 999 1187 essent.
1033 1158 1082 1190 ut.
1114 1159 1257 1199 quanta
1287 1152 1388 1186 dona
1415 1151 1490 1198 Ap.
1522 1147 1694 1192 Claudio,

293 1225 338 1260 M.
370 1222 596 1270 Sempronio
636 1222 851 1258 consulibus
883 1221 931 1256 ob
962 1221 1148 1257 devictum
1182 1222 1414 1259 Antiochum
1448 1231 1573 1267 regem
1605 1218 1695 1254 data

293 1294 341 1330 ad
373 1293 500 1330 onmia
529 1292 745 1341 pulvinaria
775 1297 909 1334 essent„
941 1298 1048 1327 tanta
1079 1295 1123 1338 Q.
1156 1292 1309 1328 Cassius
1340 1296 1377 1326 ct
1407 1289 1471 1326 M’.
1503 1288 1696 1325 Iuventius

293 1370 472 1412 praetores
503 1367 678 1399 curarent
709 1361 846 1397 danda.

406 1434 570 1481 Legatos
621 1431 774 1468 deinde.
822 1443 982 1478 quorum
1026 1432 1072 1468 de
1117 1431 1304 1468 sententia
1351 1431 1599 1478 imperatores
1651 1428 1693 1464 L.

293 1503 457 1547 Paulus,
500 1504 544 1540 L.
589 1501 747 1537 Anicius
786 1509 1043 1548 conponerent
1082 1515 1160 1546 res,
1204 1502 1450 1537 decreverunt
1490 1499 1617 1536 decem
1659 1497 1695 1534 in

295 1572 585 1616 Macedoniam,
627 1571 793 1618 quinque
823 1572 857 1606 in
887 1571 1094 1620 Illyricum.
1159 1573 1202 1608 ln
1235 1570 1499 1607 Macedoniam
1532 1568 1696 1606 culmina

294 1643 477 1680 nominati
508 1644 557 1679 A.
590 1641 810 1678 Postumius
840 1641 998 1683 Luscus,
1022 1642 1064 1678 C.
1086 1642 1280 1681 Claudius,
1312 1641 1424 1677 ambo
1451 1640 1489 1676 hi
1525 1638 1696 1682 censorii,

294 1714 333 1752 C.
364 1713 529 1750 Licinius
551 1711 725 1748 Crassus.
757 1711 901 1759 collega
933 1712 969 1747 in
999 1713 1195 1749 consulatu
1220 1711 1348 1748 Pauli:
1380 1718 1456 1747 tum
1489 1712 1695 1757 prorogato

294 1783 452 1831 imperio
483 1781 718 1831 provinciam
751 1780 918 1818 Galliam
951 1783 1125 1820 habebat.
1182 1782 1260 1818 'His
1296 1780 1557 1817 consularibus
1590 1778 1695 1814 addi-

293 2012 324 2050 5,
341 2016 358 2043 2
377 2013 457 2043 deus
470 1996 604 2054 μΚνεμεε.
621 2011 736 2053 (Gryn.
753 2010 904 2047 deorum)
924 2010 970 2052 ¹in
987 2010 1087 2040 uenia
1121 2014 1140 2040 3
1157 2009 1301 2048 anagnia
1317 2013 1421 2038 terrac
1457 2012 1476 2037 4
1492 2005 1542 2037 fas
1578 2009 1594 2036 5
1611 2015 1696 2036 nun-

293 2071 399 2102 tiabat
414 2077 445 2101 et
460 2070 534 2101 soco
548 2069 676 2110 Kreyss.
692 2068 810 2111 (Gt-yn.
827 2077 854 2098 ο.
871 2066 910 2103 ἲ.)
924 2070 925 2104 ἢ
940 2068 1103 2106 sanguine
1123 2067 1212 2098 (irat.
1247 2068 1276 2103 6,
1297 2071 1314 2097 2
1330 2076 1386 2096 xu.
1404 2065 1464 2095 uiri
1480 2064 1563 2095 adiri
1578 2062 1696 2101 (Erra-

292 2128 449 2168 vienee'pse
465 2126 712 2167 Lc‘vz‘ztst?)l(ll.
741 2125 1141 2166 iussit)'suplicationcm
1185 2128 1202 2155 5
1230 2125 1334 2155 hostis
1383 2122 1413 2158 7,
1447 2126 1458 2152 l
1489 2122 1577 2152 idem
1606 2121 1695 2162 quod

293 2196 364 2239 My.
392 2197 463 2228 Em.
491 2195 562 2228 598
587 2196 701 2237 (Gryn.
729 2195 821 2232 Inde,
849 2195 952 2235 quod)
1001 2194 1034 2231 8,
1067 2198 1077 2224 l
1109 2182 1160 2234 ap.
1191 2193 1324 2223 claudio
1351 2191 1542 2232 sempronio
1592 2193 1610 2220 2
1637 2200 1695 2221 an-

293 2255 442 2286 thiocum
488 2258 506 2285 3
534 2260 619 2286 esset
645 2259 820 2294 tantasque
850 2252 977 2283 cassius
1000 2252 1004 2291 Ι
1027 2257 1058 2282 ct
1083 2262 1126 2282 m.
1153 2250 1261 2292 Siyrm.
1312 2249 1426 2286 XVII,
1450 2248 1480 2286 1,
1502 2253 1521 2280 3
1549 2249 1695 2289 quinque

292 2323 458 2364 illyricum
515 2323 580 2361 :2‚1
607 2322 838 2354 macedoniam
857 2311 981 2362 culpmi
1012 2321 1175 2351 nominati
1211 2319 1280 2361 Δία.
1311 2318 1382 2350 Em.
1413 2317 1483 2349 598
1521 2316 1696 2348 dubitanter

294 2380 412 2423 (Gt-yn.
428 2382 459 2411 in
476 2381 607 2412 Maced.
635 2385 711 2411 sunt
726 2380 757 2410 lii
772 2379 963 2420 nominati.)
998 2382 1015 2409 2
1039 2378 1116 2409 lr’ost
1133 2377 1293 2409 nominati
1314 2375 1446 2407 duarum
1465 2375 1593 2407 triumve
1619 2374 1695 2406 litte-

293 2449 398 2469 rarum
423 2439 556 2479 spatium
584 2439 614 2469 in
634 2438 699 2477 fine
725 2448 829 2467 versus
856 2436 900 2468 II.
920 2448 983 2468 esse
1005 2436 1119 2467 scribit.
1171 2438 1190 2466 2
1217 2435 1312 2465 lucus
1336 2436 1340 2475 1
1363 2434 1462 2465 ambo
1481 2433 1535 2464 alii
1555 2433 1694 2464 censorii

304 2506 412 2540 Weiss.
435 2507 499 2547 (ii).
529 2507 647 2549 (Gy-yn.
668 2507 768 2537 ambo
789 2505 947 2546 censorii)
991 2510 1009 2536 3
1032 2506 1064 2536 in
1083 2491 1281 2537 consul'uatu
1305 2510 1374 2534 tum
1399 2503 1489 2544 pauli
1515 2507 1695 2544 prorogato

295 2569 315 2595 4
341 2564 488 2595 habebas
537 2564 569 2603 3,
592 2568 603 2595 l
637 2565 662 2595 is
689 2563 920 2595 consularibus
