1753 2934
189 1084 234 1117 lt)

192 1362 228 1397 ll

191 1502 234 1537 t2

192 1711 236 1746 13

194 1921 237 1955 1⁴

324 132 395 166 192
664 126 766 157 Liber
792 124 918 156 XLIV.
977 123 1034 163 (Α.
1063 133 1094 153 u.
1121 132 1149 153 e.
1178 126 1271 160 586.)

263 252 409 286 diorum
442 248 650 284 auctoritas
680 247 875 290 valuisset,
906 246 1123 283 consultare
1155 246 1202 281 de
1223 245 1373 281 ratione
1397 245 1484 281 belli
1515 246 1670 294 gerendi

265 319 387 366 erepit.
450 317 635 353 Placebat
667 316 915 364 quibusdam,
961 322 998 351 et
1025 315 1191 351 maxime
1221 315 1430 350 minoribus
1462 322 1574 359 natu,
1604 327 1672 363 per

265 386 374 434 Elpei
407 386 528 433 ripam
562 386 865 434 munitionesque
895 386 970 421 vim
1002 384 1150 428 facere3
1199 384 1380 421 confertis
1420 391 1457 420 et·
1496 384 1572 419 vim
1614 383 1672 420 fa-

263 455 448 491 cientibus
478 455 654 490 resistere
685 456 921 491 Macedonas
951 467 1027 490 non
1061 466 1196 502 posse,
1241 467 1287 490 ex
1318 460 1374 489 tot
1407 453 1572 489 castellis
1605 453 1673 489 ali-

264 531 407 572 quanto
439 525 636 560 altioribus
678 536 723 560 ae
754 524 1042 568 munitioribus,
1087 535 1170 571 quae
1213 523 1350 558 validis
1390 523 1574 571 praesidiis
1618 523 1673 558 in-

265 595 468 636 sedissent,
518 594 645 642 priore
690 606 790 630 anno
836 594 1016 631 deiectos.
1081 593 1180 629 Aliis
1224 592 1424 640 placebat,
1469 592 1674 629 Octavium

264 677 348 700 cum
392 664 513 700 classe
553 663 868 700 Thessalonicam
920 670 1049 710 petere
1093 667 1130 697 et
1173 661 1421 709 populatione
1464 661 1675 698 maritumae

265 747 342 770 orae
376 734 601 781 distringere
632 733 764 780 copias
794 733 942 780 regias,
988 739 1046 772 ut,
1096 732 1215 767 altero
1257 732 1304 767 ab
1336 738 1443 778 tergo
1476 743 1516 767 se
1550 736 1676 767 osten—

267 805 379 840 dente
410 803 522 847 bello,
556 803 808 839 circumactus
840 802 887 838 ad
919 802 1136 837 interiorem
1167 808 1315 849 partem
1347 801 1452 849 regui
1483 801 1676 838 tuendam.

266 874 410 909 nudare
450 873 579 920 aliqua
618 878 726 920 parte
766 871 947 907 transitus
978 871 1089 918 Elpei
1128 878 1338 919 cogeretur.
1421 870 1501 918 Ipsi
1539 876 1677 905 natura

265 950 302 979 et
342 943 522 991 operibus
564 940 882 989 inexsuperabilis
919 940 1004 987 ripa
1043 940 1267 984 videbatur,
1317 946 1372 983 et,
1421 946 1676 987 praeterquam

267 1014 369 1061 quod
401 1018 591 1049 tormenta
622 1011 762 1058 ubique
801 1011 988 1058 disposita
1022 1016 1167 1055 essent,
1207 1009 1411 1046 missilibus
1451 1009 1565 1045 etiarn
1601 1021 1678 1044 me-

267 1084 337 1120 lius
369 1089 406 1118 et
437 1082 598 1117 certiore
626 1081 699 1116 ictu
732 1081 860 1116 hostes
895 1080 948 1115 uti
979 1080 1164 1115 audierat.
1221 1080 1312 1116 Alio
1343 1079 1544 1128 spectabat
1573 1089 1678 1114 mens

266 1158 348 1188 tota
377 1151 503 1191 ducis;
534 1150 768 1197 dimissoque
799 1149 970 1194 consilio,
992 1150 1221 1185 Perrhaebos
1250 1156 1496 1192 mercatores,
1517 1146 1678 1184 Coenum

266 1229 303 1257 et.
330 1220 617 1268 Menophilum,
662 1226 762 1255 notae
797 1220 872 1255 iam
904 1220 975 1256 sibi
1006 1227 1043 1256 et
1072 1219 1158 1255 fidei
1190 1227 1226 1255 et>
1256 1218 1465 1266 prudentiae
1495 1217 1679 1261 homines,

267 1291 472 1328 accersitos
503 1296 649 1325 secreto
681 1296 973 1337 percunctatur,
1012 1289 1144 1336 quales
1177 1289 1226 1324 ad
1257 1287 1517 1325 Perrhaebiam
1556 1293 1679 1322 trans-

266 1362 340 1397 itus
371 1361 457 1396 sint.
508 1358 605 1396 Cum
637 1359 722 1395 loca
752 1371 827 1394 non
850 1359 982 1406 iniqua
1013 1370 1095 1394 esse
1125 1358 1305 1401 dicerent,
1335 1357 1521 1406 praesidiis
1554 1363 1680 1392 autem

265 1431 380 1479 regiis
411 1429 599 1473 obsideri,
648 1440 754 1476 spem
794 1427 916 1475 cepit,
961 1428 991 1463 si
1033 1434 1144 1464 nocte
1175 1427 1370 1475 inproviso
1403 1426 1534 1462 valida
1565 1437 1678 1462 manu

268 1502 473 1549 adgressus
516 1498 789 1546 necopinantes
826 1504 946 1541 esset,
995 1498 1090 1534 deici
1134 1497 1314 1546 praesidia
1342 1509 1467 1545 posse.
1546 1495 1680 1533 Iacula

266 1571 365 1606 enim
397 1576 433 1605 et
464 1569 625 1616 sagittas
656 1574 692 1603 et
723 1573 851 1604 cetera
882 1567 1038 1604 missilia
1068 1568 1105 1604 in
1136 1567 1323 1612 tenebris,
1362 1567 1446 1612 ubi,
1491 1565 1582 1614 quid
1615 1578 1680 1613 pe-

267 1648 380 1677 tatur.
410 1638 543 1688 procul
575 1637 767 1685 provideri
799 1644 977 1684 nequeat,
1010 1637 1158 1673 inutilia
1188 1649 1288 1682 esse3
1317 1636 1447 1685 gladio
1470 1635 1681 1673 comminus

269 1710 349 1757 geri
380 1721 459 1745 rem
491 1708 529 1743 iu
560 1707 752 1754 permixta
783 1707 910 1753 turba,
942 1718 1017 1753 quo
1051 1706 1156 1742 miles
1186 1707 1385 1742 Romanus
1416 1707 1556 1743 vincat.
1609 1706 1681 1742 His

269 1779 428 1815 ducibus
460 1788 608 1819 usuruS,
639 1782 840 1824 praetorem
862 1775 1067 1812 Octavium
1100 1776 1339 1820 accersitum,
1370 1776 1561 1824 exposito,
1590 1775 1680 1823 quid

268 1853 443 1897 pararet,
480 1845 713 1883 Heracleum
745 1857 829 1881 cum
862 1832 983 1881 classe
1014 1852 1143 1893 petere
1185 1846 1290 1882 iubet
1321 1852 1357 1881 et
1388 1846 1489 1882 mille
1518 1845 1680 1882 homini-

271 1919 342 1954 bus
372 1917 502 1953 decem
535 1915 681 1951 dierum
720 1921 831 1951 cocta,
871 1914 1017 1951 cibaria
1046 1915 1200 1951 habere.
1265 1916 1356 1963 Ipse
1385 1915 1431 1952 P.
1463 1914 1681 1963 Scipionem

270 2124 302 2157 6.
330 2128 349 2154 2
380 2124 517 2162 gerendi
553 2125 712 2165 placebat
748 2125 847 2165 erepit
882 2124 1084 2164 quibusdam
1157 2123 1193 2161 7,
1232 2127 1243 2154 l
1291 2124 1475 2155 maioribus
1512 2122 1601 2154 Crcv.
1665 2126 1684 2154 2

276 2182 374 2223 (ἰν-31η.
403 2182 521 2223 Enipei
553 2181 555 2220 j
586 2187 617 2212 et
642 2192 710 2213 uno
736 2181 938 2213 facientibus
977 2181 1091 2211 Fuitne
1117 2187 1150 2211 et
1176 2191 1300 2212 cuncos
1328 2181 1556 2212 facientibus?
1600 2179 1686 2211 Vah-

272 2238 319 2269 len
347 2244 379 2269 et
405 2248 472 2269 uno
487 2240 623 2279 agmine
650 2240 811 2280 impetum
838 2238 1041 2269 facientibus
1080 2241 1097 2268 5
1125 2240 1301 2279 propriore
1327 2248 1416 2270 anno
1478 2238 1510 2274 8,
1539 2242 1557 2268 2
1581 2243 1687 2269 tessa-

272 2297 420 2327 lonicam
446 2303 573 2337 peteret
599 2297 819 2337 populatione
869 2300 887 2326 3
916 2297 1146 2327 ostendentem
1217 2299 1234 2326 5
1264 2305 1386 2335 negare
1416 2296 1420 2337 j
1452 2294 1550 2336 (ἵν-ιρι.
1567 2295 1685 2335 Enipei

273 2354 305 2390 9,
334 2358 353 2384 4
380 2355 486 2385 hostis
515 2355 720 2385 utaudicrat
788 2354 854 2391 10,
883 2358 900 2384 2
927 2353 1086 2394 pet-rebos
1108 2354 1113 2393 Ι
1136 2352 1295 2383 cltoenum
1331 2354 1448 2395 (Gryn.
1485 2352 1687 2389 Schoenum)

279 2412 376 2443 (τί-οη.
417 2415 436 2442 3
463 2412 791 2452 menopilumtnotae
816 2417 848 2442 et
874 2411 951 2441 fidei
974 2412 1038 2441 iam
1067 2410 1129 2440 sibi
1157 2417 1189 2440 et
1202 2409 1332 2451 Kreyss.
1373 2410 1592 2451 4perrcbiam
1632 2409 1687 2447 11,

276 2471 294 2498 2
320 2469 409 2508 regis
427 2468 515 2499 Crev.
556 2470 666 2510 coepit
688 2470 693 2510 Ι
715 2470 860 2500 ualidam
912 2472 930 2499 3
957 2469 1137 2505 adgressus
1170 2468 1283 2498 ualida
1321 2468 1555 2508 necopinantis
1577 2467 1582 2506 1
1605 2467 1686 2498 deisi

274 2525 328 2562 12,
356 2530 375 2556 3
402 2527 591 2557 cumminus
641 2527 696 2564 13,
724 2531 742 2557 3
774 2526 960 2557 heraclium
1002 2530 1021 2555 4
1049 2525 1187 2563 cognita
1213 2525 1338 2556 cibaria
1391 2524 1444 2565 14,
1476 2529 1487 2555 l
1521 2535 1552 2566 p.
1581 2524 1688 2565 scipio

272 2583 456 2624 scipionem
