1742 2902
460 141 560 171 Liber
584 139 694 170 XLII.
747 140 804 177 (Α.
834 139 912 171 Chr.
946 138 1039 178 173.)
1355 140 1404 174 45

50 265 225 301 viturum.
279 264 335 299 At
364 262 427 298 ille
458 273 567 297 arma
598 235 776 297 omnibus⁴
805 260 958 304 ademit,
989 260 1170 308 oppidum
1203 259 1329 303 diruit,
1358 259 1462 307 ipsos
1496 282 1502 291 .

51 335 228 379 bonaque
257 344 387 367 eorum
427 330 614 375 vendidit,
660 330 881 376 litterasque
914 330 1061 365 senatui
1101 330 1147 365 ‹le
1183 330 1296 365 rebus
1337 329 1385 365 ab
1422 340 1462 364 se

49 401 166 451 gestis
197 400 308 436 misit.
373 400 480 446 Quas
510 411 593 435 cum
626 400 677 435 A.
708 399 850 435 Atilius
881 406 1021 446 praetor
1050 399 1087 434 in
1124 399 1230 434 curia
1266 398 1463 434 recitasset

49 473 152 520 (nam
191 469 322 507 consul
359 469 455 505 alter
484 468 726 511 Postumius,
776 468 879 516 agris
923 468 1240 515 recognoscendis
1279 468 1315 503 in
1348 466 1461 505 Cam-

49 543 164 589 pania
192 544 420 586 occupatus,
466 537 628 584 aberat),
660 544 771 573 atrox
806 549 868 573 res
904 538 987 573 visa
1024 538 1190 582 senatui,
1231 537 1461 580 Statellates,

49 610 112 658 qui
144 609 206 645 uni
239 621 287 645 ex
318 608 503 655 Ligurum
548 613 660 655 gente
697 619 774 643 non
814 607 987 642 tulissent
1024 618 1133 642 arma
1168 606 1350 642 adversus
1384 607 1462 642 Ro-

49 690 201 722 manos,
234 683 312 714 tum
347 689 501 725 quoque
531 683 799 725 oppugnatos,
837 689 912 712 non
944 676 1042 711 ultro
1073 675 1277 711 inferentes
1308 675 1460 718 bellum,

49 748 196 785 deditos
233 747 270 783 in
309 747 420 783 fidem
452 746 585 795 populi
616 746 782 783 Romani
820 746 923 781 omni
957 745 1098 781 ultimae
1128 745 1363 781 crudelitatis
1395 757 1459 780 ex-

47 817 172 866 emplo
202 817 392 853 laceratos
422 828 467 852 ac
485 816 630 851 deletos
652 827 754 859 esse3
784 821 841 851 tot
873 815 976 850 milia
1004 815 1169 863 capitum
1206 814 1462 858 innoxiorum,
1509 814 1515 822 ’

46 887 157 924 fidem
175 886 420 935 implorantia
436 885 568 933 populi
584 885 762 929 Romani,
789 897 836 920 ne
867 884 951 932 quis
982 896 1164 931 umquam
1187 895 1227 919 se
1246 890 1382 931 postea
1398 884 1462 919 de-

48 957 136 993 dere
152 956 321 999 auderet,
337 967 515 1004 pessumo
534 954 709 1002 exemplo
732 954 895 997 venisse,
919 959 954 989 et
970 953 1173 988 distractos
1190 953 1333 1001 passim
1354 953 1462 989 iustis

49 1026 240 1074 quondam
272 1025 446 1061 hostibus
477 1024 608 1073 populi
631 1023 798 1061 Romani
825 1035 939 1071 nuper
972 1022 1120 1071 pacatis
1151 1022 1308 1061 servire.
1356 1022 1462 1069 Quas

49 1096 97 1132 ob
125 1107 186 1131 res
214 1094 368 1143 placere
402 1094 563 1138 senatui,
596 1095 650 1130 M.
681 1093 875 1141 Popilium
907 1092 1101 1129 consulem
1134 1092 1308 1139 Ligures,
1339 1092 1462 1139 pretio

48 1164 281 1214 emptoribus
311 1164 473 1208 reddito,
504 1163 608 1211 ipsos
639 1163 839 1199 restituere
869 1162 908 1198 in
937 1162 1173 1205 libertatem,
1213 1162 1393 1209 bonaque
1424 1168 1463 1197 ut

46 1235 111 1280 iis,
156 1233 336 1282 quicquid
368 1234 447 1269 eius
477 1233 683 1281 reciperari
713 1233 858 1280 possit,
887 1231 1114 1274 reddantur,
1149 1242 1302 1275 curare3
1352 1243 1462 1267 arma
1494 1254 1498 1263 ‹

48 1316 187 1352 quoque
219 1302 335 1347 reddi,
366 1315 479 1351 eaque
504 1305 623 1350 primo
650 1314 804 1350 quoque
833 1308 1006 1350 tempore
1036 1300 1140 1342 fieri,
1170 1312 1239 1336 nec
1270 1305 1358 1336 ante
1374 1312 1464 1337 con-

48 1373 165 1410 sulem
198 1373 244 1409 de
273 1373 473 1421 provincia
515 1372 718 1416 decedere,
764 1383 879 1418 quam
925 1371 1074 1406 deditos
1112 1370 1149 1405 in
1186 1370 1316 1406 sedem
1355 1382 1462 1406 suam

50 1443 210 1491 Ligures
246 1442 486 1479 restituisset.
568 1441 723 1478 Claram
769 1440 970 1477 victoriam
1008 1439 1196 1476 vincendo
1236 1446 1463 1487 pugnantes5

47 1524 122 1548 non
151 1512 343 1548 saeviendo
374 1512 412 1547 in
443 1512 618 1547 adflictos
653 1511 748 1550 fieri.

157 1581 313 1626 Consul,
345 1594 421 1629 qua
450 1581 595 1617 ferocia
625 1580 741 1617 animi
772 1591 863 1616 usus
894 1584 976 1616 erat
996 1578 1034 1614 in
1053 1577 1271 1625 Liguribus,
1302 1577 1461 1613 eandem

48 1651 96 1688 ad
125 1663 200 1687 non
231 1652 442 1699 parendum
487 1650 636 1687 senatui
671 1650 815 1686 habuit.
897 1648 1132 1697 Legionibus
1171 1647 1364 1695 extemplo
1396 1647 1461 1683 Pi-

48 1731 110 1758 sas
138 1721 176 1757 in
202 1720 452 1757 hibernacula
479 1720 615 1765 missis,
645 1720 765 1756 iratus
795 1719 981 1767 patribus,
1012 1717 1173 1754 infestus
1203 1717 1359 1765 praetori
1384 1718 1463 1754 Ro-

47 1802 147 1826 mam
190 1790 321 1834 rediit3
364 1796 575 1838 senatuque
619 1789 811 1837 extemplo
847 1789 896 1824 ad
944 1788 1063 1824 aedem
1104 1787 1274 1823 Bellonae
1312 1792 1464 1831 vocato,

0 1889 1 1917 1
49 1859 174 1896 multis
209 1860 336 1896 verbis
376 1860 547 1896 invectus
591 1865 644 1895 est
684 1859 723 1895 in
760 1864 986 1907 praetorem,
1037 1857 1114 1904 qui,
1159 1869 1244 1893 cum
1292 1856 1341 1892 ob
1382 1868 1462 1892 rem

0 1926 1 1946 ³
48 1929 146 1966 bello
175 1930 272 1966 bene
297 1935 459 1978 gestam,
490 1929 544 1966 uti
573 1929 645 1965 diis
673 1927 955 1965 immortalibus
984 1928 1107 1963 honos
1137 1926 1364 1969 haberetur,
1401 1937 1461 1961 re-

47 2098 80 2138 3,
109 2103 123 2130 l
152 2101 195 2131 ad
220 2100 276 2130 ille
299 2099 303 2139 Ι
325 2099 391 2130 ruit
440 2102 459 2129 2
485 2098 602 2129 uendit
665 2096 699 2134 4,
726 2101 744 2127 2
772 2094 1041 2135 ecognoscendis
1098 2098 1117 2124 3
1144 2098 1246 2124 atrox
1271 2103 1330 2124 rex
1384 2093 1415 2130 5,
1447 2097 1459 2123 l

49 2156 211 2188 satellites
260 2160 279 2187 3
312 2156 485 2187 inferentis
546 2155 577 2193 6,
608 2159 620 2186 l
651 2155 855 2185 innoxorum
905 2156 923 2183 3
949 2160 1112 2192 possumo
1147 2149 1266 2192 (Gryn.
1294 2150 1462 2191 pessimo)

50 2217 70 2244 4
104 2214 232 2245 romani
272 2218 411 2254 pacatos
440 2213 511 2254 My.
545 2212 617 2244 Em.
645 2211 715 2243 512
750 2210 920 2251 (Heuse’ny.
957 2209 1014 2238 vix
1043 2208 1182 2248 pacatis.
1224 2206 1322 2249 [ἔφη.
1361 2217 1463 2248 paca-

49 2270 105 2309 tis)
146 2270 178 2309 7,
205 2275 223 2302 2
250 2271 416 2312 popilium
443 2270 597 2301 consules
623 2269 769 2308 leigures
790 2268 907 2308 praetio
953 2270 971 2297 3
995 2265 1214 2305 utisquiquod
1261 2265 1293 2303 8,
1324 2268 1338 2295 1
1368 2274 1463 2295 arma

49 2347 181 2379 quoque
206 2345 356 2380 tempore
381 2339 451 2370 fieri
479 2338 551 2380 My.
571 2338 644 2370 Em.
664 2338 734 2369 512
761 2335 879 2377 (Gryn.
907 2344 1002 2366 arma
1028 2344 1059 2374 q.
1088 2339 1111 2364 t.
1138 2334 1210 2364 fieri
1235 2333 1271 2364 in
1297 2342 1337 2364 ea
1362 2338 1463 2372 gente

50 2407 220 2438 consulem
248 2426 289 2430 —
316 2417 392 2439 cum
420 2408 566 2445 deditos)
620 2411 639 2437 4
666 2405 894 2447 oppugnantis
937 2402 1076 2434 Clericus
1148 2401 1211 2439 IX,
1243 2401 1274 2439 1,
1314 2405 1327 2431 l
1350 2389 1460 2433 conss.

52 2465 71 2493 2
94 2465 281 2504 parendum
306 2464 370 2496 fuit
394 2465 524 2496 senatui
550 2464 668 2495 habuit
716 2463 749 2501 2,
769 2467 781 2493 l
811 2461 967 2502 exemplo
1017 2464 1035 2491 2
1065 2459 1160 2491 missi
1182 2458 1186 2500 Ι
1208 2458 1352 2490 infectus
1376 2467 1463 2499 prae-

51 2532 137 2562 torib
161 2530 272 2574 Sz'yon.
301 2531 418 2574 (Gryn.
446 2533 662 2573 praetoribus)
687 2536 706 2563 3
726 2531 812 2562 redit
861 2533 880 2560 4
907 2528 1088 2568 multisque
1110 2527 1116 2567 Ι
1137 2528 1290 2558 invectus
1317 2527 1351 2557 in
1379 2528 1461 2568 plae-

50 2591 166 2627 torem,
192 2600 208 2620 ι·
231 2588 339 2620 eadem
365 2601 459 2621 manu
474 2601 574 2630 supra
590 2590 706 2630 scripto
717 2588 819 2629 postl
867 2586 900 2625 3,
930 2589 944 2616 l
966 2595 1043 2616 cum
1069 2585 1187 2617 orbem
1211 2584 1348 2616 bellona
1372 2584 1461 2615 bene
