1753 2934
266 129 314 163 60
823 125 999 157 Perioehae

207 263 345 287 senatus
372 257 553 297 respondit.
582 257 606 286 si
631 256 728 292 cives,
755 257 810 297 qui
837 256 924 298 pulsi
951 266 970 287 a
998 256 1107 288 Cinna
1131 257 1174 287 ad
1200 265 1234 288 se
1262 256 1494 298 confugerant,
1523 259 1617 290 resti-

207 324 390 348 tuerentur.
440 316 524 354 Quae
551 317 706 348 condicio
731 328 832 358 quum
860 319 946 349 iusta
972 319 1100 348 senatui
1128 319 1304 358 videretur,
1340 328 1400 360 per
1427 318 1616 351 Carbonem

207 378 454 419 factionemque
477 378 559 414 eius,
585 379 636 409 cui
664 379 788 409 bellum
814 379 988 410 videbatur
1014 380 1137 417 utilius‚
1165 388 1206 409 nc
1229 381 1431 416 conveniret,
1460 380 1616 413 effectum

207 447 268 471 est.
319 439 413 471 Idem
440 439 552 471 Carbo
579 450 683 479 quum
709 441 750 471 ab
778 441 932 471 omnibus
959 441 1066 472 Italiae
1092 441 1224 482 oppidis
1251 441 1458 483 coloniisque
1483 443 1618 475 obsides

208 502 344 541 exigere
370 502 479 539 vellet,
507 507 543 532 ut
567 502 664 533 fidem
692 511 807 533 eorum
834 508 952 533 eontra
966 501 1097 533 Sullam
1124 503 1301 543 obligaret,
1329 513 1495 535 consensu
1522 514 1618 535 seua-

208 569 260 594 tus
285 562 472 603 prohibitus
499 569 561 595 est.
620 563 724 594 Novis
751 564 878 595 civibus
905 563 970 595 SC.
999 564 1196 605 suffragium
1224 566 1339 596 datum
1365 570 1424 596 cst.
1479 563 1517 603 Q.
1544 566 1619 596 Me-

207 624 308 655 tellus
334 624 426 662 Pius,
455 625 510 664 qui
538 633 649 666 partes
675 625 886 666 optimatium
911 631 1046 655 secutus
1072 633 1153 665 crat,
1181 636 1282 666 quum
1301 627 1334 657 iu
1349 626 1466 657 Africa
1493 626 1619 658 bellum

207 685 398 722 moliretur,
431 696 451 716 a
479 685 516 716 C.
545 686 653 717 Fabio
687 692 829 727 praetore
863 686 980 726 pulsus
1011 693 1075 718 est.
1115 693 1319 728 senatusque
1346 689 1535 719 consultum
1561 698 1621 730 per

208 746 389 777 factionem
406 745 572 778 Carbonis
591 755 623 778 et
638 749 868 779 Marianarum
888 747 1032 788 partium
1053 747 1177 779 sactum
1205 756 1265 783 est,
1293 755 1328 780 ut
1354 760 1470 781 omnes
1497 750 1618 790 ubique

207 809 376 840 exercitus
403 809 657 839 dimitterentur.
707 809 873 840 Libertini
900 811 934 840 in
953 810 1099 851 quinque
1121 816 1153 840 et
1172 811 1307 849 triginta
1329 811 1434 842 tribus
1451 810 1618 842 distributi

208 875 297 902 sunt.
359 870 527 901 Praeterea
564 871 643 901 belli
686 878 897 913 apparatum,
940 872 1029 912 quod
1071 878 1187 902 contra
1225 871 1355 904 Sullam
1399 873 1620 906 excitabatur.

207 931 370 962 continet.

719 1038 782 1069 EX
808 1039 895 1070 LIB.
923 1039 1102 1071 LXXXV.

303 1114 399 1147 Sulla
425 1116 457 1146 in
481 1115 615 1146 Italiam
643 1125 717 1145 eum
753 1117 903 1146 exercitu
936 1117 1078 1149 traiecit.
1113 1117 1291 1156 missisque
1322 1115 1464 1155 legatis,
1499 1115 1553 1156 qui
1581 1115 1622 1145 de

205 1181 289 1217 pace
326 1184 475 1216 agerent,
511 1184 543 1208 et
575 1178 618 1208 ab
652 1177 789 1208 consule
818 1176 854 1207 C.
882 1177 1045 1209 Norbano
1072 1178 1217 1214 violatis,
1255 1179 1397 1208 eundem
1423 1176 1621 1208 Norbanum

205 1237 326 1278 proelio
351 1238 450 1274 vicit;
478 1244 510 1269 et
540 1249 641 1279 quum
670 1239 707 1270 L.
736 1238 915 1279 Scipionis.
942 1239 1079 1270 alterius
1107 1250 1189 1279 eos.,
1228 1249 1303 1270 cum
1330 1249 1396 1280 quo
1421 1249 1480 1280 per
1509 1239 1623 1270 omnia

207 1300 240 1330 id
267 1305 394 1339 egerat,
421 1306 458 1330 ut
481 1309 597 1341 pacem
619 1300 791 1339 iungeret.
818 1309 879 1330 nec
906 1307 1077 1341 potuerat,
1106 1308 1215 1332 castra
1242 1306 1497 1342 oppugnaturus
1524 1306 1623 1333 esset,

207 1361 381 1391 universus
410 1362 578 1392 exercitus
616 1362 782 1399 consulis,
819 1361 1018 1393 sollicitatus
1050 1372 1110 1403 per
1142 1364 1284 1394 emissos
1322 1373 1342 1393 a
1368 1361 1464 1394 Sulla
1488 1361 1622 1397 milites,

206 1423 304 1462 signa
329 1423 371 1453 ad
400 1423 530 1454 Sullam
557 1424 744 1461 transtulit3
785 1422 909 1463 Scipio,
943 1433 1046 1462 quum
1080 1426 1185 1455 occidi
1215 1431 1344 1466 posset,
1380 1424 1534 1455 dimissus
1560 1428 1621 1454 est.

207 1482 269 1515 Cn.
292 1484 486 1525 Pompeius,
514 1483 576 1515 Cn.
595 1485 745 1525 Pompeii
772 1485 870 1517 filius.
899 1485 980 1523 eius,
1012 1487 1067 1525 qui
1095 1487 1263 1518 Asculum
1290 1493 1435 1527 ceperat,
1461 1485 1622 1526 privatus.

208 1547 399 1587 conscripto
429 1546 692 1577 voluntariorum
730 1546 898 1579 exercitu,
943 1556 1017 1578 cum
1055 1549 1161 1579 tribus
1200 1549 1388 1587 legionibus
1424 1547 1466 1578 ad
1491 1545 1622 1578 Sullam

206 1613 364 1638 venerat.
402 1608 442 1637 ad
470 1617 567 1646 quem
595 1618 630 1638 se
656 1608 817 1639 nobilitas
844 1609 952 1639 omnis
988 1608 1203 1647 conferebat,
1237 1610 1283 1640 ita
1318 1616 1355 1640 ut
1386 1609 1517 1640 deserta
1541 1608 1623 1638 urbe

207 1668 250 1698 ad
269 1675 380 1698 eastra
396 1669 575 1699 veniretur.
626 1668 791 1699 Praeterea
815 1670 1050 1709 expeditiones
1076 1681 1135 1711 per
1161 1677 1264 1702 totam
1286 1671 1420 1702 Italiam
1446 1671 1622 1709 utriusque.

206 1731 310 1770 partis
336 1730 457 1760 ducum
484 1730 684 1762 reseruntur.

710 1838 773 1869 EX
800 1837 888 1869 LIB.
917 1837 1112 1868 LXXXVI.

301 1912 414 1952 Quum
441 1912 479 1945 C.
506 1913 634 1945 Marius
661 1912 697 1945 Ο,
724 1914 823 1945 Marii
858 1914 946 1945 filius
980 1914 1096 1944 consul
1123 1921 1200 1944 ante
1227 1923 1333 1945 annos
1359 1914 1427 1946 XX
1461 1923 1520 1956 per
1554 1914 1621 1945 vim

207 1980 339 2007 creatus
367 1981 474 2012 esset,
515 1974 552 2006 C.
579 1975 706 2007 Fabius
739 1977 773 2006 in
803 1976 923 2007 Africa
958 1982 1094 2017 propter
1126 1975 1358 2008 crudelitatem
1386 1982 1420 2013 ct
1446 1976 1620 2007 avaritiam

206 2048 300 2069 suam
328 2039 359 2067 in
388 2039 544 2078 praetorio
572 2047 634 2068 suo
663 2039 754 2069 vivus
781 2044 918 2069 exustus
945 2043 1006 2068 est.
1057 2037 1096 2068 L.
1123 2037 1314 2078 Philippus,
1351 2037 1482 2077 legatus
1506 2037 1621 2077 Sullae,

209 2099 401 2131 Sardiniam
432 2097 471 2136 Q.
500 2099 650 2130 Antonio
677 2106 819 2140 praetorc
855 2100 951 2140 pulso
988 2104 1019 2129 et
1045 2100 1158 2130 occiso
1185 2100 1372 2140 occupavit.
1424 2099 1519 2130 Sulla
1546 2108 1620 2130 cum

206 2161 333 2192 Italicis
358 2160 504 2201 populis,
531 2170 573 2191 ne
599 2161 774 2191 timeretur
799 2162 842 2192 ab
869 2162 915 2192 eis
932 2161 1023 2191 velut
1042 2168 1214 2202 erepturus
1234 2161 1403 2192 civitatem
1418 2166 1452 2191 et
1469 2159 1620 2200 suffragii

206 2223 257 2254 ius
283 2232 390 2262 nuper
415 2223 544 2261 datum,
578 2221 686 2254 foedus
718 2223 899 2263 percussit;
934 2223 1088 2263 idemque
1121 2234 1163 2253 ex
1188 2224 1310 2254 fiducia
1335 2223 1400 2253 iam
1428 2228 1527 2253 certae
1554 2223 1620 2253 vic-

206 2284 301 2315 toriae
326 2284 525 2323 litigatores,
564 2295 584 2315 a
611 2285 731 2324 quibus
757 2284 926 2324 adibatur,
962 2285 1158 2315 vadimonia
1184 2286 1327 2316 Romam
1357 2283 1486 2315 deferre
1511 2284 1619 2322 iussit,

207 2355 308 2386 quum
336 2355 355 2376 a
380 2351 474 2386 parte
513 2347 645 2377 diversa
677 2346 756 2377 urbs
791 2345 902 2376 adhuc
940 2351 1120 2378 teneretur.
1171 2347 1210 2378 L.
1238 2347 1467 2387 Damasippus
1499 2351 1621 2387 praetor

206 2415 248 2438 ex
280 2407 456 2438 voluntate
483 2407 520 2439 C.
548 2408 648 2438 Marii
681 2407 831 2438 consulis
868 2417 971 2446 quum
1008 2415 1159 2439 senatum
1195 2409 1438 2445 contraxisset,
1474 2417 1619 2440 omnem.

207 2478 280 2509 quae
306 2470 337 2499 in
364 2469 445 2500 urbe
472 2476 553 2507 erat,
592 2469 800 2500 nobilitatem
828 2454 1027 2506 t1·uc.ida'vit;
1062 2478 1104 2498 ex
1132 2469 1226 2500 cuius
1252 2478 1389 2499 numero
1419 2467 1457 2506 Q.
1484 2469 1618 2500 Mucius

207 2530 358 2562 Scaevola
385 2538 477 2571 pont.
506 2542 594 2563 max.
622 2531 756 2571 fugiens
783 2531 817 2560 in
844 2531 1010 2561 vestibulo
1035 2531 1115 2561 oedis
1132 2530 1248 2561 Vestae
1273 2531 1404 2562 occisus
1427 2535 1489 2563 est.
1528 2528 1619 2560 Prae-

205 2597 298 2622 terea
330 2591 457 2624 bellum
491 2604 510 2623 a
536 2593 575 2624 L.
604 2593 747 2623 Murena
784 2592 944 2622 adversus
978 2592 1199 2623 Mithridaten
1235 2592 1268 2622 in
1305 2592 1387 2623 Asia
1419 2597 1617 2622 renovatum

206 2654 366 2685 continet.
