1742 2902
490 103 590 134 Liber
616 103 725 134 XLII.
779 104 839 142 [A.
871 104 947 134 Chr.
981 106 1074 142 171.)
1373 107 1421 140 69

64 224 165 260 tibus
215 223 443 271 populisque
494 236 609 272 egens
659 225 800 272 ubique
849 227 1040 262 multitudo
1085 225 1208 261 omnis
1252 224 1393 268 ferme,
1437 232 1479 260 ut

64 292 185 337 solet,
231 292 462 329 deteriorum
507 300 608 339 erat,
654 294 702 330 ad
749 305 877 342 regem
918 295 1232 342 Macedonasque
1276 293 1477 337 inclinatam

62 361 275 410 principum
308 361 459 397 diversa
489 373 663 398 cerneres
685 362 822 398 studia.
868 364 967 399 Pars
996 363 1051 399 ita
1079 364 1117 398 in
1144 365 1341 400 Romanos
1369 361 1478 399 effusi

64 436 196 475 erant,
245 436 285 466 ut
316 431 583 467 auctoritatem
614 431 806 468 inmodico
847 430 983 467 favore
1015 437 1321 480 corrumperent,
1366 431 1479 480 pauci

63 511 110 534 ex
141 498 187 534 iis
217 499 362 535 iustitia
392 500 542 548 imperii
573 500 740 537 Romani
773 500 888 548 capti7
918 500 1047 548 plures
1077 500 1152 545 ita,
1183 502 1213 536 si
1244 501 1478 550 praecipuam

62 579 219 615 operam
260 575 488 613 navassent‚
532 575 706 617 potentes
750 581 833 606 sese
877 569 915 605 in
946 569 1165 606 civitatibus
1208 570 1287 606 suis
1330 570 1479 606 futuros

62 637 147 674 rati.
207 637 306 673 Pars
341 637 462 674 altera
492 639 607 687 regiae
638 639 869 676 adulationis
899 646 1003 684 erat,
1039 650 1134 686 quos
1165 650 1216 674 aes
1247 639 1411 675 alienum
1445 645 1479 675 et

61 705 277 753 desperatio
309 718 434 742 rerum
465 719 633 753 suarum,
669 709 800 745 eodem
834 715 1011 744 manente
1040 714 1154 753 statua
1187 709 1400 757 praecipitcs
1431 707 1479 744 ad

63 775 244 810 novanda
275 775 404 811 omnia
425 778 589 824 agebat;
622 778 809 825 quosdam
837 784 1038 814 ventosum
1069 778 1277 826 ingenium,
1309 777 1400 825 quia
1430 777 1478 813 ad

63 845 207 880 Persea
239 845 361 892 magis
392 858 487 882 aura
516 847 715 895 popularis
746 847 853 884 ierat.
918 848 1054 883 Tertia
1084 859 1194 896 pars,
1226 855 1385 895 optuma
1417 859 1480 883 ea·
1514 874 1521 883 .

62 914 147 950 dem
180 920 216 950 et
245 914 556 962 prudentissima,
587 917 618 952 si
648 916 779 964 utique
810 916 915 964 optio
946 916 1091 951 domini
1120 916 1282 963 potioris
1313 916 1481 959 daretur,

62 984 132 1020 sub
164 984 352 1021 Romanis
399 997 513 1033 quam
546 986 616 1022 sub
647 997 738 1033 rege
771 985 940 1021 malebat
970 997 1076 1028 esse3
1126 986 1155 1021 si
1197 985 1358 1021 liberum
1392 984 1481 1020 inde
1526 992 1532 999 ·

62 1053 260 1090 arbitrium
291 1053 454 1090 fortunae
484 1060 595 1099 esset,
625 1062 799 1091 neutram
832 1061 980 1103 partem
1012 1054 1194 1091 volebant
1225 1054 1479 1103 potentiorem

63 1123 185 1160 altera
215 1135 401 1171 oppressa
431 1124 532 1169 fieri,
581 1125 671 1169 sed5
715 1125 883 1161 inlibatis
928 1124 1056 1173 potius
1090 1124 1235 1160 viribus
1282 1124 1480 1171 utriusque

61 1193 206 1241 partis,
251 1204 385 1241 pacem
424 1205 471 1228 ex
502 1205 612 1241 aequo
646 1207 820 1238 manere;
870 1195 923 1230 ita
954 1194 1051 1230 inter
1080 1200 1265 1241 utrosque
1296 1193 1479 1242 optimam

62 1262 325 1299 condicionem
358 1262 554 1298 civitatum
586 1262 693 1308 fore,
734 1270 960 1312 protegente
993 1262 1114 1299 altero
1146 1275 1297 1311 semper
1326 1262 1480 1310 inopem

62 1332 110 1368 ab
141 1331 297 1368 alterius
328 1331 478 1367 iniuria.
536 1333 631 1369 Haec
661 1333 866 1369 sentientes
884 1333 1094 1369 certamina
1115 1332 1309 1369 fautorum
1341 1331 1480 1368 utrius-

64 1413 139 1449 que
169 1401 289 1449 partis
319 1400 426 1437 taciti
455 1414 503 1436 ex
533 1407 614 1437 tuto
647 1403 886 1450 spectabant.

176 1468 383 1512 Consules,
415 1482 491 1517 quo
522 1470 583 1505 die
614 1471 880 1519 magistratum
912 1471 1097 1515 inierunt,
1130 1483 1178 1506 ex
1211 1476 1367 1506 senatus
1390 1481 1479 1504 con-

64 1539 163 1576 sulto
195 1551 280 1576 cum
312 1539 413 1575 circa
444 1539 573 1575 onmia
602 1540 716 1585 fana,
752 1541 789 1576 in
822 1541 959 1588 quibus
990 1539 1263 1575 lectisternium
1295 1538 1478 1574 maiorem

63 1615 213 1657 partem
246 1609 335 1644 anni
369 1620 452 1644 esse
483 1609 600 1653 solet,
646 1610 855 1646 maioribus
895 1609 1030 1645 hostiis
1060 1608 1345 1652 immolassent5
1393 1607 1481 1642 inde

64 1690 196 1726 preces
240 1690 330 1714 suas
374 1684 551 1733 aoceptas
596 1679 645 1714 ab
684 1679 754 1714 diis
794 1679 1061 1715 inmortalibus
1100 1677 1283 1721 ominati,
1332 1676 1490 1713 senatui

63 1747 135 1784 rite
164 1748 418 1784 sacrificatum
450 1748 790 1796 precationemque
820 1748 866 1784 de
897 1748 996 1784 bello
1029 1747 1173 1784 factam
1203 1747 1481 1783 renuntiarunt.

64 1817 301 1865 Haruspices
331 1817 385 1853 ita
412 1818 713 1866 responderunt:
745 1817 787 1854 Si
819 1817 910 1865 quid
943 1817 999 1853 rei
1029 1829 1140 1853 novae
1169 1817 1412 1865 inciperetur,
1442 1815 1480 1851 id

65 1949 179 1987 XXX,
202 1949 233 1986 1,
261 1953 279 1979 2
305 1948 507 1989 populisque
535 1958 616 1987 gens
642 1949 766 1988 ubique
793 1949 901 1980 omnis
929 1947 1000 1988 319.
1022 1947 1177 1978 Em.525
1222 1947 1344 1987 (Gr-yn.
1372 1956 1480 1987 popu-

65 2007 173 2046 lisque
189 2007 287 2047 plebs
313 2006 437 2045 ubique
464 2005 586 2046 omnis)
627 2009 645 2036 3
662 2006 883 2036 deterioribus
911 2012 982 2035 erat
1008 2005 1049 2035 ob
1070 2014 1181 2044 regem
1195 2004 1265 2045 My.
1287 2010 1315 2034 et
1339 2010 1480 2044 exparte

69 2062 167 2095 Gron.
184 2069 212 2094 et
224 2063 313 2094 Duk.
353 2062 464 2093 Possis
488 2063 600 2093 etlam.-
635 2063 857 2094 deterioribus
883 2062 1031 2099 favebat,
1057 2062 1100 2092 ad
1139 2065 1157 2091 4
1173 2062 1317 2092 aduersa
1344 2070 1479 2092 cernere

64 2120 96 2157 3,
127 2124 145 2151 2
174 2131 216 2151 ex
242 2121 269 2152 is
301 2121 305 2160 Ι
341 2120 459 2160 imperi
486 2129 625 2151 romano
682 2123 701 2150 3
729 2119 859 2150 futuros
886 2120 957 2160 rapi
1018 2118 1053 2153 4,
1084 2122 1096 2148 l
1127 2118 1259 2159 (Aptius
1274 2118 1367 2159 foret
1398 2124 1479 2155 erat,

66 2187 209 2218 quorum
235 2178 319 2209 alios
348 2196 386 2199 —
416 2177 590 2218 quosdam.
646 2175 714 2207 Sed
749 2177 802 2207 velt:
835 2177 1002 2217 quicquam
1038 2174 1248 2215 mutandum.)
1309 2180 1326 2206 2
1361 2176 1480 2216 praeci-

65 2246 194 2287 pientes
261 2249 280 2277 3
308 2234 486 2276 nouandae
508 2247 513 2285 Ι
535 2251 712 2276 uentorum
746 2246 749 2284 Ι
778 2245 858 2284 quia
882 2254 1003 2285 persea
1039 2245 1149 2283 magis
1185 2253 1275 2274 aurae
1307 2244 1480 2284 popularis

65 2309 137 2334 erat
163 2303 235 2344 My.
252 2302 325 2334 Em.
341 2302 413 2334 525
440 2302 557 2344 (Gt-yn.
586 2303 666 2342 quia
692 2302 836 2333 Perseus
863 2312 906 2332 m.
935 2311 1025 2332 aurae
1050 2313 1082 2342 p.
1111 2302 1198 2342 erat)
1247 2299 1278 2339 5,
1308 2305 1325 2331 2
1353 2301 1479 2342 optimo

66 2361 192 2392 domini
243 2365 261 2391 3
288 2360 450 2391 manebat
499 2360 530 2398 6,
563 2363 574 2390 l
597 2360 675 2390 inde
691 2358 780 2390 Crev.
809 2358 878 2390 lolli
902 2358 1039 2397 volebat3
1075 2357 1197 2389 Vahlen
1223 2359 1257 2388 in
1284 2367 1324 2388 ea
1349 2367 1395 2395 re,
1423 2357 1481 2388 hoc

67 2417 190 2459 quidem
213 2429 324 2459 prave.
385 2421 403 2448 2
431 2426 503 2449 esse
530 2422 685 2448 neutram
723 2421 742 2447 3
771 2417 910 2447 alteram
937 2426 1133 2457 oppressam
1155 2416 1159 2455 Ι
1183 2416 1242 2445 sed
1267 2415 1442 2445 iuliuatam
1473 2414 1476 2454 ἶ

67 2476 216 2515 utrisque
274 2479 294 2505 4
320 2485 362 2506 ex
387 2484 427 2506 eo
454 2484 589 2506 manere
629 2473 726 2506 Gron.
802 2473 833 2512 7,
873 2478 883 2503 l
926 2479 1052 2513 utrasq.
1117 2473 1329 2503 asentientis
1395 2470 1428 2509 8,
1460 2475 1478 2501 3

67 2532 174 2563 hostis
224 2536 243 2562 4
269 2542 394 2573 praeces
427 2542 506 2564 suas
542 2542 608 2572 quo
635 2537 791 2572 acceptas
819 2530 932 2562 Fuitne
961 2531 1077 2572 populi
1103 2531 1143 2561 R.
1171 2540 1288 2570 preces
1314 2531 1481 2570 suasque?

66 2591 84 2618 5
111 2589 418 2630 praecationemque
