1753 2934
276 136 322 169 42
837 130 1012 160 l’eriochoe

219 263 376 295 Cornelio
405 262 546 301 Nasica,
574 262 701 303 placuit
726 262 857 301 legatos
884 260 968 290 mitti
996 258 1248 298 Carthaginem,
1277 260 1332 299 qui
1360 260 1625 300 specularentur,

218 325 296 365 quid
324 330 488 362 ageretur.
542 322 716 362 Castigato
745 329 864 354 senatu
891 320 1231 361 Carthaginiensium,
1259 321 1348 361 quod
1374 327 1489 351 contra
1515 320 1625 352 foedus

217 393 251 415 ct
276 385 460 415 exercitum
489 392 519 414 ct
552 384 688 415 navales
715 385 870 414 materias
904 383 1083 419 haberent,
1117 391 1234 423 pacem
1261 382 1346 412 inter
1371 391 1428 413 eos
1463 389 1495 412 et
1520 382 1625 413 Masi-

218 447 340 477 nissam
376 446 488 476 facere
522 446 716 482 voluerunt,
755 445 940 476 Masinissa.
966 454 1063 484 agro,
1102 444 1142 474 de
1175 453 1240 484 quo
1274 444 1315 474 lis
1342 450 1431 483 erat,
1469 444 1625 481 cedente3

217 508 274 538 sed
302 506 409 547 Gisgo
435 507 639 538 Hamilcaris
664 506 771 541 filius.
809 507 911 537 homo
939 506 1132 541 seditiosus,
1179 505 1234 545 qui
1269 510 1338 535 tum
1367 505 1399 535 in
1426 505 1625 544 magistratu

217 576 304 606 erat,
352 580 453 610 quum
490 575 625 600 senatus
651 568 837 608 pariturum
873 578 907 599 se
943 568 1067 598 iudicio
1094 567 1214 606 legatis
1241 567 1398 606 dixisset,
1440 567 1487 597 ita
1509 565 1626 607 plebem

219 631 403 661 concitavit
427 630 552 660 bellum
579 629 740 660 adversus
769 629 940 659 Romanos
965 629 1157 664 suadendo,
1185 633 1221 658 ut
1248 628 1396 667 legatos,
1425 637 1491 667 quo
1517 628 1626 659 miuus

218 692 440 730 violarentur,
486 691 567 731 fuga
602 690 809 731 explicuerit.
873 689 910 719 ld
948 689 1141 720 nuntiantes
1178 688 1335 719 infestum
1373 690 1438 719 iam
1473 695 1625 720 senatum

218 752 556 792 Carthaginiensibus
583 751 789 783 infestiorem
818 751 978 782 fecerunt.
1031 751 1078 782 M.
1106 750 1244 781 Porcius
1271 749 1357 781 Cato
1384 749 1482 781 funus
1509 750 1566 781 tilii
1591 750 1626 780 in

217 821 363 855 praetura
394 816 514 845 mortui
550 815 766 849 tenuissimo,
806 819 840 843 ut
874 813 983 853 potuit
1015 814 1111 851 (nam
1139 818 1170 842 et
1196 822 1321 853 pauper
1348 811 1456 851 erat),
1493 819 1627 852 sumptu

217 877 304 907 fecit.
356 877 561 911 Andriscus,
605 878 659 916 qui
697 885 730 906 se
765 874 879 905 Persei
919 873 1039 909 tilium,
1078 873 1165 912 regis
1203 874 1372 913 quondam
1406 873 1627 910 Maeedoniae,

220 938 347 977 ingenti
374 938 624 969 asseveratione
651 937 857 971 mentiretur,
886 936 1028 966 Romam
1055 934 1184 965 missus.
1227 935 1272 965 M.
1290 934 1448 965 AEmilius
1468 935 1626 974 Lepidus,

217 999 306 1040 [qui]
323 999 477 1040 princeps
497 1006 632 1029 senatus
648 998 750 1030 sextis
769 999 832 1028 iam
854 997 1048 1027 censoribus
1075 996 1192 1030 lectus,
1220 1003 1400 1036 antequam
1429 997 1626 1038 exspiraret,

217 1062 376 1101 praecepit
401 1061 489 1092 filiis.
516 1061 604 1092 lecto
627 1070 661 1091 se
684 1067 788 1091 strato
814 1059 925 1089 linteis
952 1059 1022 1089 sine
1049 1067 1193 1098 purpura
1218 1056 1383 1093 efferrent,
1410 1059 1444 1089 in
1463 1059 1627 1099 reliquum

217 1122 317 1152 sunus
337 1132 377 1152 ne
397 1122 469 1163 plus
486 1132 583 1162 quam
604 1122 678 1152 aeris
692 1122 722 1152 D
739 1126 991 1152 consumerent:
1009 1119 1191 1157 imaginum
1213 1120 1334 1160 specie,
1356 1129 1422 1150 non
1438 1120 1628 1161 sumptibus

217 1183 387 1224 nobilitari
423 1193 620 1223 magnorum
653 1184 796 1213 virorum
832 1181 949 1212 funera
982 1181 1098 1212 solere.
1150 1181 1202 1211 De
1238 1182 1405 1212 veneficiis
1439 1182 1625 1222 quaesitum.

217 1245 363 1276 Publilia
391 1251 423 1275 et
449 1245 595 1281 Licinia,
627 1243 757 1274 nobiles
783 1242 934 1276 feminae,
962 1252 1034 1283 qum
1055 1243 1141 1273 viros
1168 1253 1244 1274 suos
1271 1243 1465 1274 consulares
1492 1253 1627 1274 necasse

216 1307 507 1342 insimulabantur,
534 1306 670 1345 cognita
695 1315 808 1341 causa,
837 1314 939 1344 quum
966 1305 1099 1344 praetori
1127 1304 1288 1345 [praedes]
1319 1306 1418 1335 vades
1443 1305 1628 1341 dedissent,

218 1375 437 1408 cognatorum
466 1369 601 1398 decreto
637 1375 763 1397 nceatae
799 1372 885 1397 sunt.
939 1365 1087 1397 Gulussa
1115 1365 1302 1397 Masinissae
1337 1366 1424 1396 filius
1452 1367 1628 1406 nuntiavit,

217 1429 426 1470 Carthagine
459 1430 602 1460 dilectus
635 1429 707 1469 agi,
754 1428 894 1459 classem
939 1428 1124 1468 comparari
1162 1434 1195 1458 et
1231 1428 1320 1458 haud
1365 1427 1464 1458 dubie
1501 1427 1625 1459 bellum

216 1492 307 1522 strui.
357 1489 468 1528 Quum
497 1489 582 1521 Cato
609 1490 780 1526 suaderet,
820 1497 856 1520 ut
894 1491 940 1520 eis
976 1489 1099 1520 bellum
1138 1490 1358 1522 indiceretur.
1394 1489 1433 1519 P.
1469 1487 1628 1520 Cornelio

215 1553 335 1584 Nasica
368 1553 499 1583 dicente
535 1553 619 1583 nihil
656 1560 779 1583 temere
806 1551 1019 1590 faciundum,
1057 1551 1182 1591 placuit
1216 1552 1248 1583 X
1283 1552 1412 1589 legatos
1447 1551 1532 1581 mitti
1569 1561 1628 1581 ex-

212 1616 392 1656 ploratum.
444 1615 480 1645 L.
516 1615 667 1645 Licinius
701 1613 882 1649 Lucullus,
918 1614 960 1642 A.
996 1612 1190 1643 Postumius
1219 1613 1365 1644 Albinus
1401 1623 1486 1644 coss.
1523 1622 1625 1653 quum

213 1677 372 1708 dilectum
401 1686 514 1707 severe
540 1682 678 1716 agerent
705 1684 765 1706 nec
793 1684 995 1715 quemquam
1024 1675 1134 1713 gratia
1160 1675 1376 1711 dimitterent,
1417 1675 1460 1704 ab
1485 1673 1626 1704 tribunis

212 1739 338 1780 plebis,
376 1738 432 1778 qui
471 1748 530 1778 pro
570 1738 687 1768 amicis
724 1738 793 1768 suis
832 1736 1042 1766 vacationem
1070 1736 1247 1776 impetrare
1282 1746 1348 1767 non
1382 1741 1554 1776 poterant,
1591 1736 1625 1765 in

214 1810 379 1831 carcerem
413 1799 554 1829 coniecti
590 1805 675 1830 sunt.
748 1798 860 1837 Quum
897 1800 1122 1840 Hispaniense
1157 1799 1280 1829 bellum
1317 1807 1432 1838 parum
1468 1805 1627 1838 prospere

214 1862 391 1901 aliquoties
418 1867 547 1900 gestum
574 1860 619 1890 ita
648 1860 857 1892 confudisset
885 1862 1053 1892 civitatem
1081 1861 1280 1896 Romanam,
1309 1866 1344 1890 ut
1370 1869 1410 1890 ue
1437 1860 1465 1889 ei
1490 1858 1625 1899 quidem

212 1924 459 1954 invenirentur.
504 1921 559 1961 qui
598 1928 656 1951 aut
700 1922 905 1952 tribunatum
951 1922 1143 1962 exciperent
1180 1928 1237 1952 aut
1272 1921 1373 1961 legati
1410 1922 1456 1951 ire
1490 1920 1625 1957 vellent,

214 1986 250 2017 P.
287 1984 462 2016 Cornelius
498 1982 703 2013 AEmilianus
736 1985 903 2024 processit
939 1990 971 2014 et
1006 1991 1222 2024 excepturum
1269 1993 1302 2014 se
1344 1983 1472 2014 militiae
1508 1990 1624 2021 genus,

213 2048 438 2088 quodeunque
478 2045 677 2084 imperatum
706 2052 811 2077 esset.
846 2044 1015 2086 professus
1049 2052 1118 2082 est;
1152 2054 1217 2084 quo
1253 2045 1408 2085 exemplo
1442 2052 1556 2074 omnes
1581 2043 1623 2073 ad

213 2109 359 2139 studium
387 2107 551 2138 militandi
579 2107 767 2138 concitavit.
822 2106 986 2137 Lucullus
1014 2117 1094 2145 cos.,
1121 2117 1222 2148 quum
1246 2105 1410 2137 Claudius
1429 2104 1623 2141 Marcellus,

213 2169 264 2200 cui
295 2173 519 2205 successerat,
545 2177 685 2208 pacasse
713 2177 830 2207 omnes
859 2167 1049 2199 Celtiberico
1076 2169 1218 2210 populos
1244 2169 1426 2205 videretur,
1460 2165 1623 2196 Vaccaeos

213 2237 246 2261 et
283 2230 470 2261 Cantabros
509 2235 541 2260 et
575 2229 658 2260 alias
691 2230 882 2269 incognitas
916 2230 1027 2261 adhue
1063 2238 1179 2270 gentes
1214 2231 1246 2261 in
1282 2230 1445 2271 Hispania
1479 2228 1620 2266 subegit.

212 2291 262 2322 Ibi
289 2292 327 2322 P.
345 2291 522 2323 Cornelius
541 2290 757 2332 [Africanus]
777 2291 890 2332 Scipio
911 2291 1130 2328 AEmilianus‚
1160 2291 1198 2323 L.
1222 2291 1319 2321 Pauli
1347 2291 1443 2327 filius,
1469 2289 1622 2320 Africani

214 2363 329 2394 nepos,
357 2353 413 2384 sed
442 2352 635 2393 adoptivus,
663 2359 917 2392 provocatorem
945 2353 1123 2384 barbarum
1152 2353 1304 2384 tribunus
1331 2352 1475 2383 militum
1501 2350 1624 2382 oceidit-

213 2421 246 2445 et
271 2415 305 2444 iu
324 2414 575 2455 expugnatione
588 2413 775 2444 Intercatiae
795 2415 885 2445 urbis
904 2415 1010 2445 maius
1025 2416 1207 2445 etiamnum
1225 2414 1408 2455 periculum
1424 2413 1525 2450 adiit3
1543 2421 1620 2442 nam

213 2484 342 2505 murum
378 2475 502 2514 primus
539 2475 756 2506 transcendit.
824 2476 894 2506 Ser.
935 2475 1104 2516 Sulpicius
1133 2475 1244 2508 Galba
1285 2483 1407 2517 proetor
1448 2474 1534 2505 male
1562 2474 1621 2504 ad-

214 2545 326 2567 versus
362 2536 544 2566 Lusitanos
582 2538 754 2576 pugnavit.
822 2536 934 2575 Quum
968 2537 1070 2577 legati
1108 2548 1150 2568 ex
1176 2537 1295 2569 Africa
1329 2547 1404 2568 cum
1431 2535 1621 2567 oratoribus

213 2596 541 2637 Carthaginiensium
579 2604 611 2627 et
643 2597 789 2629 Gulussa
820 2598 1005 2630 Masiuissae
1041 2599 1110 2630 filio
1144 2600 1306 2630 redissent
1339 2599 1551 2638 dicerentque
1588 2602 1621 2627 et

213 2659 396 2689 exercitum
424 2667 459 2689 se
485 2665 519 2688 et
542 2659 686 2690 classem
713 2658 918 2699 Carthagine
945 2660 1214 2701 deprehendisse,
1240 2660 1411 2701 perrogari
1437 2657 1619 2690 sententias
