<?xml version="1.0" encoding="UTF-8"?>
<!DOCTYPE html PUBLIC "-//W3C//DTD XHTML 1.0 Transitional//EN"
    "http://www.w3.org/TR/xhtml1/DTD/xhtml1-transitional.dtd">
<html xmlns="http://www.w3.org/1999/xhtml" xml:lang="en" lang="en">
 <head>
  <title>
</title>
<meta http-equiv="Content-Type" content="text/html;charset=utf-8" />
  <meta name='ocr-system' content='tesseract 3.04.00' />
  <meta name='ocr-capabilities' content='ocr_page ocr_carea ocr_par ocr_line ocrx_word'/>
</head>
<body>
  <div class='ocr_page' id='page_1' title='image "./p1historiarumrom04livyuoft_0258.png"; bbox 0 0 1753 2934; ppageno 0'>
   <div class='ocr_carea' id='block_1_1' title="bbox 204 656 247 691">
    <p class='ocr_par' dir='ltr' id='par_1_1' title="bbox 204 656 247 691">
     <span class='ocr_line' id='line_1_1' title="bbox 204 656 247 691; baseline 0 0"><span class='ocrx_word' id='word_1_1' title='bbox 204 656 247 691; x_wconf 82' lang='lat'><strong>13</strong></span> 
     </span>
    </p>
   </div>
   <div class='ocr_carea' id='block_1_2' title="bbox 201 938 243 972">
    <p class='ocr_par' dir='ltr' id='par_1_2' title="bbox 201 938 243 972">
     <span class='ocr_line' id='line_1_2' title="bbox 201 938 243 972; baseline 0.024 -1"><span class='ocrx_word' id='word_1_2' title='bbox 201 938 243 972; x_wconf 74' lang='lat'><strong>14</strong></span> 
     </span>
    </p>
   </div>
   <div class='ocr_carea' id='block_1_3' title="bbox 203 1361 250 1394">
    <p class='ocr_par' dir='ltr' id='par_1_3' title="bbox 203 1361 250 1394">
     <span class='ocr_line' id='line_1_3' title="bbox 203 1361 250 1394; baseline 0 0"><span class='ocrx_word' id='word_1_3' title='bbox 203 1361 250 1394; x_wconf 75' lang='lat'><strong>16</strong></span> 
     </span>
    </p>
   </div>
   <div class='ocr_carea' id='block_1_4' title="bbox 206 1569 247 1602">
    <p class='ocr_par' dir='ltr' id='par_1_4' title="bbox 206 1569 247 1602">
     <span class='ocr_line' id='line_1_4' title="bbox 206 1569 247 1602; baseline 0 0"><span class='ocrx_word' id='word_1_4' title='bbox 206 1569 247 1602; x_wconf 86' lang='lat' dir='ltr'><strong>t7</strong></span> 
     </span>
    </p>
   </div>
   <div class='ocr_carea' id='block_1_5' title="bbox 177 1988 229 2034">
    <p class='ocr_par' dir='ltr' id='par_1_5' title="bbox 177 1988 229 2034">
     <span class='ocr_line' id='line_1_5' title="bbox 177 1988 229 2034; baseline -0.019 0"><span class='ocrx_word' id='word_1_5' title='bbox 177 1988 229 2034; x_wconf 90' lang='grc'><strong>14</strong></span> 
     </span>
    </p>
   </div>
   <div class='ocr_carea' id='block_1_6' title="bbox 335 114 1281 154">
    <p class='ocr_par' dir='ltr' id='par_1_6' title="bbox 335 114 1281 154">
     <span class='ocr_line' id='line_1_6' title="bbox 335 114 1281 154; baseline -0.007 -1"><span class='ocrx_word' id='word_1_6' title='bbox 335 119 409 153; x_wconf 68' lang='grc'><strong>224</strong></span> <span class='ocrx_word' id='word_1_7' title='bbox 678 115 780 145; x_wconf 73' lang='lat' dir='ltr'><strong>Liber</strong></span> <span class='ocrx_word' id='word_1_8' title='bbox 806 114 915 145; x_wconf 78' lang='lat' dir='ltr'><strong>XLV.</strong></span> <span class='ocrx_word' id='word_1_9' title='bbox 987 115 1044 148; x_wconf 80' lang='lat' dir='ltr'><strong>(A.</strong></span> <span class='ocrx_word' id='word_1_10' title='bbox 1074 125 1103 145; x_wconf 91' lang='lat' dir='ltr'><strong>u.</strong></span> <span class='ocrx_word' id='word_1_11' title='bbox 1133 124 1158 145; x_wconf 82' lang='lat' dir='ltr'><strong>e.</strong></span> <span class='ocrx_word' id='word_1_12' title='bbox 1189 116 1281 154; x_wconf 77' lang='lat'><strong>586.)</strong></span> 
     </span>
    </p>
   </div>
   <div class='ocr_carea' id='block_1_7' title="bbox 278 237 1684 1058">
    <p class='ocr_par' dir='ltr' id='par_1_7' title="bbox 278 237 1684 1058">
     <span class='ocr_line' id='line_1_7' title="bbox 280 237 1679 283; baseline 0.002 -10"><span class='ocrx_word' id='word_1_13' title='bbox 280 239 389 274; x_wconf 87' lang='lat' dir='ltr'><strong>misit.</strong></span> <span class='ocrx_word' id='word_1_14' title='bbox 421 237 466 283; x_wconf 80' lang='lat' dir='ltr'><strong>Q.</strong></span> <span class='ocrx_word' id='word_1_15' title='bbox 489 237 652 273; x_wconf 85' lang='lat' dir='ltr'><strong>Fabium</strong></span> <span class='ocrx_word' id='word_1_16' title='bbox 683 238 907 280; x_wconf 73' lang='lat' dir='ltr'><strong>Buteonem,</strong></span> <span class='ocrx_word' id='word_1_17' title='bbox 937 239 982 276; x_wconf 91' lang='lat' dir='ltr'><strong>P.</strong></span> <span class='ocrx_word' id='word_1_18' title='bbox 1006 237 1223 274; x_wconf 81' lang='lat' dir='ltr'><strong>Cornelium</strong></span> <span class='ocrx_word' id='word_1_19' title='bbox 1245 238 1477 281; x_wconf 76' lang='lat' dir='ltr'><strong>Blasionem.</strong></span> <span class='ocrx_word' id='word_1_20' title='bbox 1507 240 1553 275; x_wconf 89' lang='lat' dir='ltr'><strong>T.</strong></span> <span class='ocrx_word' id='word_1_21' title='bbox 1573 239 1679 276; x_wconf 84' lang='lat' dir='ltr'><strong>Sem-</strong></span> 
     </span>
     <span class='ocr_line' id='line_1_8' title="bbox 279 307 1679 356; baseline 0.001 -14"><span class='ocrx_word' id='word_1_22' title='bbox 279 307 451 356; x_wconf 85' lang='lat' dir='ltr'><strong>pronium</strong></span> <span class='ocrx_word' id='word_1_23' title='bbox 484 307 671 352; x_wconf 73' lang='lat' dir='ltr'><strong>Muscam,</strong></span> <span class='ocrx_word' id='word_1_24' title='bbox 702 308 746 344; x_wconf 90' lang='lat' dir='ltr'><strong>L.</strong></span> <span class='ocrx_word' id='word_1_25' title='bbox 777 308 952 345; x_wconf 77' lang='lat' dir='ltr'><strong>Naevium</strong></span> <span class='ocrx_word' id='word_1_26' title='bbox 984 308 1161 349; x_wconf 72' lang='lat' dir='ltr'><strong>Balbum,</strong></span> <span class='ocrx_word' id='word_1_27' title='bbox 1192 307 1234 345; x_wconf 91' lang='lat' dir='ltr'><strong>C.</strong></span> <span class='ocrx_word' id='word_1_28' title='bbox 1271 308 1476 356; x_wconf 74' lang='lat' dir='ltr'><strong>Apuleium</strong></span> <span class='ocrx_word' id='word_1_29' title='bbox 1508 307 1679 344; x_wconf 81' lang='lat' dir='ltr'><strong>Saturni-</strong></span> 
     </span>
     <span class='ocr_line' id='line_1_9' title="bbox 279 376 1680 415; baseline 0.001 -3"><span class='ocrx_word' id='word_1_30' title='bbox 279 390 381 413; x_wconf 89' lang='lat' dir='ltr'><strong>num.</strong></span> <span class='ocrx_word' id='word_1_31' title='bbox 439 377 490 412; x_wconf 86' lang='lat' dir='ltr'><strong>Et</strong></span> <span class='ocrx_word' id='word_1_32' title='bbox 526 378 574 412; x_wconf 87' lang='lat' dir='ltr'><strong>ab</strong></span> <span class='ocrx_word' id='word_1_33' title='bbox 605 378 776 414; x_wconf 82' lang='lat' dir='ltr'><strong>Eumene</strong></span> <span class='ocrx_word' id='word_1_34' title='bbox 807 385 841 414; x_wconf 88' lang='lat' dir='ltr'><strong>et</strong></span> <span class='ocrx_word' id='word_1_35' title='bbox 875 379 924 414; x_wconf 84' lang='lat' dir='ltr'><strong>ab</strong></span> <span class='ocrx_word' id='word_1_36' title='bbox 954 378 1089 414; x_wconf 84' lang='lat' dir='ltr'><strong>Attalo</strong></span> <span class='ocrx_word' id='word_1_37' title='bbox 1124 386 1159 414; x_wconf 87' lang='lat' dir='ltr'><strong>et</strong></span> <span class='ocrx_word' id='word_1_38' title='bbox 1199 379 1246 414; x_wconf 90' lang='lat' dir='ltr'><strong>ab</strong></span> <span class='ocrx_word' id='word_1_39' title='bbox 1282 379 1468 415; x_wconf 85' lang='lat' dir='ltr'><strong>Athenaeo</strong></span> <span class='ocrx_word' id='word_1_40' title='bbox 1499 376 1680 414; x_wconf 80' lang='lat' dir='ltr'><strong>fratribus</strong></span> 
     </span>
     <span class='ocr_line' id='line_1_10' title="bbox 279 447 1681 496; baseline 0.001 -14"><span class='ocrx_word' id='word_1_41' title='bbox 279 447 490 482; x_wconf 83' lang='lat' dir='ltr'><strong>eommunis</strong></span> <span class='ocrx_word' id='word_1_42' title='bbox 521 447 662 495; x_wconf 82' lang='lat' dir='ltr'><strong>legatio</strong></span> <span class='ocrx_word' id='word_1_43' title='bbox 689 448 736 483; x_wconf 87' lang='lat' dir='ltr'><strong>de</strong></span> <span class='ocrx_word' id='word_1_44' title='bbox 769 448 929 484; x_wconf 77' lang='lat' dir='ltr'><strong>victoria</strong></span> <span class='ocrx_word' id='word_1_45' title='bbox 957 449 1187 496; x_wconf 78' lang='lat' dir='ltr'><strong>gratulatum</strong></span> <span class='ocrx_word' id='word_1_46' title='bbox 1220 448 1322 483; x_wconf 81' lang='lat' dir='ltr'><strong>venit</strong></span> <span class='ocrx_word' id='word_1_47' title='bbox 1391 448 1439 484; x_wconf 85' lang='lat' dir='ltr'><strong>Et</strong></span> <span class='ocrx_word' id='word_1_48' title='bbox 1470 448 1681 496; x_wconf 74' lang='lat' dir='ltr'><strong>Masgabae,</strong></span> 
     </span>
     <span class='ocr_line' id='line_1_11' title="bbox 279 517 1681 567; baseline 0.001 -15"><span class='ocrx_word' id='word_1_49' title='bbox 279 517 379 563; x_wconf 75' lang='lat' dir='ltr'><strong>regis</strong></span> <span class='ocrx_word' id='word_1_50' title='bbox 407 517 620 553; x_wconf 83' lang='lat' dir='ltr'><strong>Masinissae</strong></span> <span class='ocrx_word' id='word_1_51' title='bbox 641 518 731 556; x_wconf 87' lang='lat' dir='ltr'><strong>filio.</strong></span> <span class='ocrx_word' id='word_1_52' title='bbox 762 519 932 554; x_wconf 73' lang='lat' dir='ltr'><strong>Puteolis</strong></span> <span class='ocrx_word' id='word_1_53' title='bbox 954 531 1050 554; x_wconf 80' lang='lat' dir='ltr'><strong>nave</strong></span> <span class='ocrx_word' id='word_1_54' title='bbox 1071 531 1223 566; x_wconf 77' lang='lat' dir='ltr'><strong>egi-esso</strong></span> <span class='ocrx_word' id='word_1_55' title='bbox 1245 526 1382 567; x_wconf 85' lang='lat' dir='ltr'><strong>praesto</strong></span> <span class='ocrx_word' id='word_1_56' title='bbox 1415 518 1497 562; x_wconf 77' lang='lat' dir='ltr'><strong>fuit,</strong></span> <span class='ocrx_word' id='word_1_57' title='bbox 1527 519 1681 554; x_wconf 85' lang='lat' dir='ltr'><strong>obviam</strong></span> 
     </span>
     <span class='ocr_line' id='line_1_12' title="bbox 279 586 1680 636; baseline 0.002 -15"><span class='ocrx_word' id='word_1_58' title='bbox 279 586 415 622; x_wconf 85' lang='lat' dir='ltr'><strong>missus</strong></span> <span class='ocrx_word' id='word_1_59' title='bbox 460 599 543 622; x_wconf 81' lang='lat' dir='ltr'><strong>cum</strong></span> <span class='ocrx_word' id='word_1_60' title='bbox 583 589 764 636; x_wconf 80' lang='lat' dir='ltr'><strong>pecunia,</strong></span> <span class='ocrx_word' id='word_1_61' title='bbox 807 589 850 625; x_wconf 89' lang='lat' dir='ltr'><strong>L.</strong></span> <span class='ocrx_word' id='word_1_62' title='bbox 882 589 1047 625; x_wconf 88' lang='lat' dir='ltr'><strong>Manlius</strong></span> <span class='ocrx_word' id='word_1_63' title='bbox 1078 596 1264 636; x_wconf 82' lang='lat' dir='ltr'><strong>quaestor.</strong></span> <span class='ocrx_word' id='word_1_64' title='bbox 1308 589 1370 636; x_wconf 89' lang='lat' dir='ltr'><strong>qui</strong></span> <span class='ocrx_word' id='word_1_65' title='bbox 1402 590 1563 625; x_wconf 85' lang='lat' dir='ltr'><strong>Romam</strong></span> <span class='ocrx_word' id='word_1_66' title='bbox 1595 601 1680 624; x_wconf 88' lang='lat' dir='ltr'><strong>eum</strong></span> 
     </span>
     <span class='ocr_line' id='line_1_13' title="bbox 278 657 1681 706; baseline 0.002 -15"><span class='ocrx_word' id='word_1_67' title='bbox 278 657 432 704; x_wconf 88' lang='lat' dir='ltr'><strong>publico</strong></span> <span class='ocrx_word' id='word_1_68' title='bbox 461 665 613 706; x_wconf 88' lang='lat' dir='ltr'><strong>sumptu</strong></span> <span class='ocrx_word' id='word_1_69' title='bbox 642 659 876 706; x_wconf 69' lang='lat' dir='ltr'><strong>perduceret.</strong></span> <span class='ocrx_word' id='word_1_70' title='bbox 928 659 1159 695; x_wconf 83' lang='lat' dir='ltr'><strong>Advenienti</strong></span> <span class='ocrx_word' id='word_1_71' title='bbox 1183 658 1374 706; x_wconf 89' lang='lat' dir='ltr'><strong>extemplo</strong></span> <span class='ocrx_word' id='word_1_72' title='bbox 1396 666 1549 694; x_wconf 78' lang='lat' dir='ltr'><strong>senatus</strong></span> <span class='ocrx_word' id='word_1_73' title='bbox 1571 659 1681 695; x_wconf 87' lang='lat' dir='ltr'><strong>datus</strong></span> 
     </span>
     <span class='ocr_line' id='line_1_14' title="bbox 279 728 1682 776; baseline 0.001 -14"><span class='ocrx_word' id='word_1_74' title='bbox 279 733 346 765; x_wconf 84' lang='lat' dir='ltr'><strong>est,</strong></span> <span class='ocrx_word' id='word_1_75' title='bbox 407 728 445 763; x_wconf 91' lang='lat' dir='ltr'><strong>Is</strong></span> <span class='ocrx_word' id='word_1_76' title='bbox 481 728 701 764; x_wconf 75' lang='lat' dir='ltr'><strong>adulescens</strong></span> <span class='ocrx_word' id='word_1_77' title='bbox 731 728 785 764; x_wconf 82' lang='lat' dir='ltr'><strong>ita</strong></span> <span class='ocrx_word' id='word_1_78' title='bbox 815 729 961 764; x_wconf 82' lang='lat' dir='ltr'><strong>loeutus</strong></span> <span class='ocrx_word' id='word_1_79' title='bbox 992 736 1058 772; x_wconf 63' lang='lat' dir='ltr'><strong>est,</strong></span> <span class='ocrx_word' id='word_1_80' title='bbox 1090 735 1141 770; x_wconf 76' lang='lat' dir='ltr'><strong>ut.</strong></span> <span class='ocrx_word' id='word_1_81' title='bbox 1170 741 1252 776; x_wconf 77' lang='lat' dir='ltr'><strong>quae</strong></span> <span class='ocrx_word' id='word_1_82' title='bbox 1282 729 1393 764; x_wconf 87' lang='lat' dir='ltr'><strong>rebus</strong></span> <span class='ocrx_word' id='word_1_83' title='bbox 1423 734 1534 776; x_wconf 80' lang='lat' dir='ltr'><strong>grata</strong></span> <span class='ocrx_word' id='word_1_84' title='bbox 1563 734 1682 769; x_wconf 77' lang='lat' dir='ltr'><strong>erant..</strong></span> 
     </span>
     <span class='ocr_line' id='line_1_15' title="bbox 278 797 1682 846; baseline 0.002 -14"><span class='ocrx_word' id='word_1_85' title='bbox 278 797 448 844; x_wconf 82' lang='lat' dir='ltr'><strong>gratiora</strong></span> <span class='ocrx_word' id='word_1_86' title='bbox 480 798 605 833; x_wconf 81' lang='lat' dir='ltr'><strong>verbis</strong></span> <span class='ocrx_word' id='word_1_87' title='bbox 636 798 790 834; x_wconf 79' lang='lat' dir='ltr'><strong>faceret.</strong></span> <span class='ocrx_word' id='word_1_88' title='bbox 850 798 1187 841; x_wconf 72' lang='lat' dir='ltr'><strong>Commemoravit.</strong></span> <span class='ocrx_word' id='word_1_89' title='bbox 1222 805 1314 846; x_wconf 86' lang='lat' dir='ltr'><strong>quot</strong></span> <span class='ocrx_word' id='word_1_90' title='bbox 1343 799 1488 846; x_wconf 79' lang='lat' dir='ltr'><strong>pedites</strong></span> <span class='ocrx_word' id='word_1_91' title='bbox 1519 799 1682 846; x_wconf 84' lang='lat' dir='ltr'><strong>equites-</strong></span> 
     </span>
     <span class='ocr_line' id='line_1_16' title="bbox 280 868 1684 917; baseline 0.001 -14"><span class='ocrx_word' id='word_1_92' title='bbox 280 880 366 914; x_wconf 74' lang='lat' dir='ltr'><strong>que,</strong></span> <span class='ocrx_word' id='word_1_93' title='bbox 397 874 489 915; x_wconf 83' lang='lat' dir='ltr'><strong>quot.</strong></span> <span class='ocrx_word' id='word_1_94' title='bbox 518 868 752 916; x_wconf 79' lang='lat' dir='ltr'><strong>elephantos.</strong></span> <span class='ocrx_word' id='word_1_95' title='bbox 785 876 966 916; x_wconf 85' lang='lat' dir='ltr'><strong>quantum</strong></span> <span class='ocrx_word' id='word_1_96' title='bbox 1002 869 1179 905; x_wconf 81' lang='lat' dir='ltr'><strong>frumenti</strong></span> <span class='ocrx_word' id='word_1_97' title='bbox 1217 882 1261 905; x_wconf 90' lang='lat' dir='ltr'><strong>eo</strong></span> <span class='ocrx_word' id='word_1_98' title='bbox 1297 869 1544 916; x_wconf 80' lang='lat' dir='ltr'><strong>quadriennio</strong></span> <span class='ocrx_word' id='word_1_99' title='bbox 1574 875 1684 917; x_wconf 82' lang='lat' dir='ltr'><strong>pater</strong></span> 
     </span>
     <span class='ocr_line' id='line_1_17' title="bbox 279 938 1682 983; baseline 0.001 -10"><span class='ocrx_word' id='word_1_100' title='bbox 279 951 368 974; x_wconf 85' lang='lat' dir='ltr'><strong>suus</strong></span> <span class='ocrx_word' id='word_1_101' title='bbox 397 939 435 974; x_wconf 88' lang='lat' dir='ltr'><strong>in</strong></span> <span class='ocrx_word' id='word_1_102' title='bbox 465 939 731 975; x_wconf 83' lang='lat' dir='ltr'><strong>Macedoniam</strong></span> <span class='ocrx_word' id='word_1_103' title='bbox 764 940 937 975; x_wconf 77' lang='lat' dir='ltr'><strong>misisset.</strong></span> <span class='ocrx_word' id='word_1_104' title='bbox 981 940 1089 976; x_wconf 86' lang='lat' dir='ltr'><strong>Duas</strong></span> <span class='ocrx_word' id='word_1_105' title='bbox 1110 951 1169 975; x_wconf 84' lang='lat' dir='ltr'><strong>res</strong></span> <span class='ocrx_word' id='word_1_106' title='bbox 1193 939 1225 975; x_wconf 84' lang='lat' dir='ltr'><strong>ei</strong></span> <span class='ocrx_word' id='word_1_107' title='bbox 1246 939 1375 975; x_wconf 83' lang='lat' dir='ltr'><strong>rubori</strong></span> <span class='ocrx_word' id='word_1_108' title='bbox 1398 938 1526 980; x_wconf 75' lang='lat' dir='ltr'><strong>fuisse,</strong></span> <span class='ocrx_word' id='word_1_109' title='bbox 1555 951 1682 983; x_wconf 72' lang='lat' dir='ltr'><strong>unam,</strong></span> 
     </span>
     <span class='ocr_line' id='line_1_18' title="bbox 280 1009 1682 1058; baseline -0.001 -14"><span class='ocrx_word' id='word_1_110' title='bbox 280 1010 381 1056; x_wconf 87' lang='lat' dir='ltr'><strong>quod</strong></span> <span class='ocrx_word' id='word_1_111' title='bbox 412 1017 586 1057; x_wconf 77' lang='lat' dir='ltr'><strong>rogasset</strong></span> <span class='ocrx_word' id='word_1_112' title='bbox 624 1023 707 1045; x_wconf 89' lang='lat' dir='ltr'><strong>eum</strong></span> <span class='ocrx_word' id='word_1_113' title='bbox 739 1024 806 1058; x_wconf 83' lang='lat' dir='ltr'><strong>per</strong></span> <span class='ocrx_word' id='word_1_114' title='bbox 840 1010 986 1057; x_wconf 75' lang='lat' dir='ltr'><strong>legatos</strong></span> <span class='ocrx_word' id='word_1_115' title='bbox 1017 1017 1191 1053; x_wconf 70' lang='lat' dir='ltr'><strong>senatus,</strong></span> <span class='ocrx_word' id='word_1_116' title='bbox 1224 1022 1307 1057; x_wconf 85' lang='lat' dir='ltr'><strong>quae</strong></span> <span class='ocrx_word' id='word_1_117' title='bbox 1340 1010 1388 1045; x_wconf 86' lang='lat' dir='ltr'><strong>ad</strong></span> <span class='ocrx_word' id='word_1_118' title='bbox 1419 1009 1556 1045; x_wconf 89' lang='lat' dir='ltr'><strong>bellum</strong></span> <span class='ocrx_word' id='word_1_119' title='bbox 1587 1020 1682 1056; x_wconf 89' lang='lat' dir='ltr'><strong>opus</strong></span> 
     </span>
    </p>
   </div>
   <div class='ocr_carea' id='block_1_8' title="bbox 280 1079 1682 1128">
    <p class='ocr_par' dir='ltr' id='par_1_8' title="bbox 280 1079 1682 1128">
     <span class='ocr_line' id='line_1_19' title="bbox 280 1079 1682 1128; baseline 0 -14"><span class='ocrx_word' id='word_1_120' title='bbox 280 1087 416 1118; x_wconf 77' lang='lat' dir='ltr'><strong>essent,</strong></span> <span class='ocrx_word' id='word_1_121' title='bbox 447 1086 482 1115; x_wconf 86' lang='lat' dir='ltr'><strong>et</strong></span> <span class='ocrx_word' id='word_1_122' title='bbox 513 1092 587 1115; x_wconf 88' lang='lat' dir='ltr'><strong>non</strong></span> <span class='ocrx_word' id='word_1_123' title='bbox 609 1080 846 1128; x_wconf 76' lang='lat' dir='ltr'><strong>imperasset,</strong></span> <span class='ocrx_word' id='word_1_124' title='bbox 878 1081 1049 1123; x_wconf 71' lang='lat' dir='ltr'><strong>alteram,</strong></span> <span class='ocrx_word' id='word_1_125' title='bbox 1081 1080 1183 1127; x_wconf 87' lang='lat' dir='ltr'><strong>quod</strong></span> <span class='ocrx_word' id='word_1_126' title='bbox 1213 1080 1411 1128; x_wconf 79' lang='lat' dir='ltr'><strong>pecuniam</strong></span> <span class='ocrx_word' id='word_1_127' title='bbox 1443 1079 1474 1115; x_wconf 85' lang='lat' dir='ltr'><strong>ei</strong></span> <span class='ocrx_word' id='word_1_128' title='bbox 1505 1091 1574 1127; x_wconf 82' lang='lat' dir='ltr'><strong>pro</strong></span> <span class='ocrx_word' id='word_1_129' title='bbox 1604 1079 1682 1115; x_wconf 83' lang='lat' dir='ltr'><strong>fru-</strong></span> 
     </span>
    </p>
   </div>
   <div class='ocr_carea' id='block_1_9' title="bbox 229 1148 1683 1197">
    <p class='ocr_par' dir='ltr' id='par_1_9' title="bbox 229 1148 1683 1197">
     <span class='ocr_line' id='line_1_20' title="bbox 229 1148 1683 1197; baseline 0.001 -15"><span class='ocrx_word' id='word_1_130' title='bbox 229 1151 243 1181; x_wconf 85' lang='lat'><strong>:&#39;</strong></span> <span class='ocrx_word' id='word_1_131' title='bbox 281 1156 408 1184; x_wconf 86' lang='lat' dir='ltr'><strong>mento</strong></span> <span class='ocrx_word' id='word_1_132' title='bbox 441 1150 613 1185; x_wconf 78' lang='lat' dir='ltr'><strong>misisset.</strong></span> <span class='ocrx_word' id='word_1_133' title='bbox 685 1151 927 1187; x_wconf 75' lang='lat' dir='ltr'><strong>Masinissam</strong></span> <span class='ocrx_word' id='word_1_134' title='bbox 963 1151 1198 1190; x_wconf 72' lang='lat' dir='ltr'><strong>meminisse.</strong></span> <span class='ocrx_word' id='word_1_135' title='bbox 1234 1162 1272 1185; x_wconf 75' lang='lat' dir='ltr'><strong>se</strong></span> <span class='ocrx_word' id='word_1_136' title='bbox 1300 1160 1456 1196; x_wconf 86' lang='lat' dir='ltr'><strong>regnum</strong></span> <span class='ocrx_word' id='word_1_137' title='bbox 1489 1162 1512 1184; x_wconf 85' lang='lat' dir='ltr'><strong>a.</strong></span> <span class='ocrx_word' id='word_1_138' title='bbox 1541 1148 1683 1197; x_wconf 89' lang='lat' dir='ltr'><strong>populo</strong></span> 
     </span>
    </p>
   </div>
   <div class='ocr_carea' id='block_1_10' title="bbox 280 1219 1689 2043">
    <p class='ocr_par' dir='ltr' id='par_1_10' title="bbox 280 1219 1689 1973">
     <span class='ocr_line' id='line_1_21' title="bbox 280 1219 1684 1269; baseline 0 -15"><span class='ocrx_word' id='word_1_139' title='bbox 280 1219 457 1254; x_wconf 82' lang='lat' dir='ltr'><strong>Romano</strong></span> <span class='ocrx_word' id='word_1_140' title='bbox 489 1227 639 1267; x_wconf 82' lang='lat' dir='ltr'><strong>partum</strong></span> <span class='ocrx_word' id='word_1_141' title='bbox 672 1229 901 1268; x_wconf 82' lang='lat' dir='ltr'><strong>auctumque</strong></span> <span class='ocrx_word' id='word_1_142' title='bbox 931 1229 967 1257; x_wconf 82' lang='lat' dir='ltr'><strong>et</strong></span> <span class='ocrx_word' id='word_1_143' title='bbox 988 1221 1274 1269; x_wconf 84' lang='lat' dir='ltr'><strong>multiplicatum</strong></span> <span class='ocrx_word' id='word_1_144' title='bbox 1297 1221 1456 1256; x_wconf 83' lang='lat' dir='ltr'><strong>habere:</strong></span> <span class='ocrx_word' id='word_1_145' title='bbox 1489 1232 1555 1255; x_wconf 90' lang='lat' dir='ltr'><strong>usu</strong></span> <span class='ocrx_word' id='word_1_146' title='bbox 1577 1219 1684 1267; x_wconf 84' lang='lat' dir='ltr'><strong>regni</strong></span> 
     </span>
     <span class='ocr_line' id='line_1_22' title="bbox 280 1290 1684 1338; baseline 0.002 -15"><span class='ocrx_word' id='word_1_147' title='bbox 280 1295 496 1324; x_wconf 84' lang='lat' dir='ltr'><strong>contentum</strong></span> <span class='ocrx_word' id='word_1_148' title='bbox 527 1290 644 1334; x_wconf 65' lang='lat' dir='ltr'><strong>seire,</strong></span> <span class='ocrx_word' id='word_1_149' title='bbox 687 1291 894 1326; x_wconf 80' lang='lat' dir='ltr'><strong>dominium</strong></span> <span class='ocrx_word' id='word_1_150' title='bbox 927 1298 964 1326; x_wconf 54' lang='lat' dir='ltr'><strong>et&gt;</strong></span> <span class='ocrx_word' id='word_1_151' title='bbox 992 1292 1050 1327; x_wconf 85' lang='lat' dir='ltr'><strong>ius</strong></span> <span class='ocrx_word' id='word_1_152' title='bbox 1081 1304 1231 1335; x_wconf 60' lang='lat' dir='ltr'><strong>eorum,</strong></span> <span class='ocrx_word' id='word_1_153' title='bbox 1270 1291 1333 1338; x_wconf 84' lang='lat' dir='ltr'><strong>qui</strong></span> <span class='ocrx_word' id='word_1_154' title='bbox 1369 1290 1558 1332; x_wconf 74' lang='lat' dir='ltr'><strong>dederint,</strong></span> <span class='ocrx_word' id='word_1_155' title='bbox 1588 1302 1684 1326; x_wconf 87' lang='lat' dir='ltr'><strong>esse.</strong></span> 
     </span>
     <span class='ocr_line' id='line_1_23' title="bbox 282 1358 1684 1409; baseline 0.001 -16"><span class='ocrx_word' id='word_1_156' title='bbox 282 1358 440 1394; x_wconf 76' lang='lat' dir='ltr'><strong>Sumere</strong></span> <span class='ocrx_word' id='word_1_157' title='bbox 483 1360 613 1407; x_wconf 87' lang='lat' dir='ltr'><strong>itaque</strong></span> <span class='ocrx_word' id='word_1_158' title='bbox 645 1373 709 1396; x_wconf 90' lang='lat' dir='ltr'><strong>eos</strong></span> <span class='ocrx_word' id='word_1_159' title='bbox 744 1361 790 1396; x_wconf 86' lang='lat' dir='ltr'><strong>de</strong></span> <span class='ocrx_word' id='word_1_160' title='bbox 827 1374 879 1403; x_wconf 74' lang='lat' dir='ltr'><strong>se,</strong></span> <span class='ocrx_word' id='word_1_161' title='bbox 921 1374 994 1397; x_wconf 87' lang='lat' dir='ltr'><strong>non</strong></span> <span class='ocrx_word' id='word_1_162' title='bbox 1023 1374 1182 1409; x_wconf 70' lang='lat' dir='ltr'><strong>rogare.</strong></span> <span class='ocrx_word' id='word_1_163' title='bbox 1227 1373 1376 1407; x_wconf 81' lang='lat' dir='ltr'><strong>aequom</strong></span> <span class='ocrx_word' id='word_1_164' title='bbox 1414 1372 1514 1403; x_wconf 56' lang='lat' dir='ltr'><strong>esse.</strong></span> <span class='ocrx_word' id='word_1_165' title='bbox 1562 1371 1684 1406; x_wconf 88' lang='lat' dir='ltr'><strong>neque</strong></span> 
     </span>
     <span class='ocr_line' id='line_1_24' title="bbox 281 1429 1684 1479; baseline 0.002 -16"><span class='ocrx_word' id='word_1_166' title='bbox 281 1441 406 1464; x_wconf 86' lang='lat' dir='ltr'><strong>emere</strong></span> <span class='ocrx_word' id='word_1_167' title='bbox 446 1442 492 1465; x_wconf 83' lang='lat' dir='ltr'><strong>ea</strong></span> <span class='ocrx_word' id='word_1_168' title='bbox 530 1443 578 1466; x_wconf 85' lang='lat' dir='ltr'><strong>ex</strong></span> <span class='ocrx_word' id='word_1_169' title='bbox 617 1431 802 1467; x_wconf 81' lang='lat' dir='ltr'><strong>fructibus</strong></span> <span class='ocrx_word' id='word_1_170' title='bbox 846 1433 927 1479; x_wconf 77' lang='lat' dir='ltr'><strong>agri</strong></span> <span class='ocrx_word' id='word_1_171' title='bbox 969 1433 1017 1468; x_wconf 85' lang='lat' dir='ltr'><strong>ab</strong></span> <span class='ocrx_word' id='word_1_172' title='bbox 1058 1445 1098 1467; x_wconf 90' lang='lat' dir='ltr'><strong>se</strong></span> <span class='ocrx_word' id='word_1_173' title='bbox 1128 1431 1220 1475; x_wconf 74' lang='lat' dir='ltr'><strong>dati,</strong></span> <span class='ocrx_word' id='word_1_174' title='bbox 1251 1443 1334 1478; x_wconf 79' lang='lat' dir='ltr'><strong>quae</strong></span> <span class='ocrx_word' id='word_1_175' title='bbox 1365 1430 1416 1466; x_wconf 90' lang='lat' dir='ltr'><strong>ibi</strong></span> <span class='ocrx_word' id='word_1_176' title='bbox 1445 1429 1684 1478; x_wconf 83' lang='lat' dir='ltr'><strong>proveniant.</strong></span> 
     </span>
     <span class='ocr_line' id='line_1_25' title="bbox 280 1499 1687 1550; baseline 0.001 -17"><span class='ocrx_word' id='word_1_177' title='bbox 280 1499 327 1534; x_wconf 91' lang='lat' dir='ltr'><strong>Id</strong></span> <span class='ocrx_word' id='word_1_178' title='bbox 356 1499 569 1535; x_wconf 69' lang='lat' dir='ltr'><strong>Masinissae</strong></span> <span class='ocrx_word' id='word_1_179' title='bbox 599 1502 692 1537; x_wconf 85' lang='lat' dir='ltr'><strong>satis</strong></span> <span class='ocrx_word' id='word_1_180' title='bbox 723 1515 805 1537; x_wconf 83' lang='lat' dir='ltr'><strong>esse</strong></span> <span class='ocrx_word' id='word_1_181' title='bbox 835 1509 871 1538; x_wconf 81' lang='lat' dir='ltr'><strong>et</strong></span> <span class='ocrx_word' id='word_1_182' title='bbox 901 1502 1003 1541; x_wconf 74' lang='lat' dir='ltr'><strong>fore,</strong></span> <span class='ocrx_word' id='word_1_183' title='bbox 1046 1503 1148 1550; x_wconf 84' lang='lat' dir='ltr'><strong>quod</strong></span> <span class='ocrx_word' id='word_1_184' title='bbox 1178 1502 1320 1550; x_wconf 87' lang='lat' dir='ltr'><strong>populo</strong></span> <span class='ocrx_word' id='word_1_185' title='bbox 1351 1501 1527 1537; x_wconf 78' lang='lat' dir='ltr'><strong>Romano</strong></span> <span class='ocrx_word' id='word_1_186' title='bbox 1557 1511 1687 1547; x_wconf 89' lang='lat' dir='ltr'><strong>super-</strong></span> 
     </span>
     <span class='ocr_line' id='line_1_26' title="bbox 281 1570 1688 1622; baseline 0 -18"><span class='ocrx_word' id='word_1_187' title='bbox 281 1576 391 1605; x_wconf 84' lang='lat' dir='ltr'><strong>esset.</strong></span> <span class='ocrx_word' id='word_1_188' title='bbox 453 1570 547 1606; x_wconf 80' lang='lat' dir='ltr'><strong>Cum</strong></span> <span class='ocrx_word' id='word_1_189' title='bbox 580 1572 624 1607; x_wconf 89' lang='lat' dir='ltr'><strong>iis</strong></span> <span class='ocrx_word' id='word_1_190' title='bbox 656 1573 845 1609; x_wconf 80' lang='lat' dir='ltr'><strong>mandatis</strong></span> <span class='ocrx_word' id='word_1_191' title='bbox 876 1586 898 1608; x_wconf 87' lang='lat' dir='ltr'><strong>a</strong></span> <span class='ocrx_word' id='word_1_192' title='bbox 928 1581 1036 1621; x_wconf 77' lang='lat' dir='ltr'><strong>patre</strong></span> <span class='ocrx_word' id='word_1_193' title='bbox 1058 1572 1268 1622; x_wconf 79' lang='lat' dir='ltr'><strong>profectum</strong></span> <span class='ocrx_word' id='word_1_194' title='bbox 1300 1578 1435 1620; x_wconf 84' lang='lat' dir='ltr'><strong>postea</strong></span> <span class='ocrx_word' id='word_1_195' title='bbox 1464 1575 1688 1605; x_wconf 82' lang='lat' dir='ltr'><strong>consecutos</strong></span> 
     </span>
     <span class='ocr_line' id='line_1_27' title="bbox 285 1639 1688 1688; baseline -0.001 -13"><span class='ocrx_word' id='word_1_196' title='bbox 285 1640 449 1687; x_wconf 77' lang='lat' dir='ltr'><strong>equites,</strong></span> <span class='ocrx_word' id='word_1_197' title='bbox 491 1642 553 1688; x_wconf 86' lang='lat' dir='ltr'><strong>qui</strong></span> <span class='ocrx_word' id='word_1_198' title='bbox 586 1642 773 1678; x_wconf 78' lang='lat' dir='ltr'><strong>devictam</strong></span> <span class='ocrx_word' id='word_1_199' title='bbox 810 1643 1076 1679; x_wconf 80' lang='lat' dir='ltr'><strong>Macedoniam</strong></span> <span class='ocrx_word' id='word_1_200' title='bbox 1110 1642 1348 1685; x_wconf 72' lang='lat' dir='ltr'><strong>nuntiarent.</strong></span> <span class='ocrx_word' id='word_1_201' title='bbox 1377 1639 1688 1688; x_wconf 75' lang='lat' dir='ltr'><strong>gratulatumque</strong></span> 
     </span>
     <span class='ocr_line' id='line_1_28' title="bbox 284 1709 1687 1758; baseline -0.001 -13"><span class='ocrx_word' id='word_1_202' title='bbox 284 1711 430 1745; x_wconf 88' lang='lat' dir='ltr'><strong>senatui</strong></span> <span class='ocrx_word' id='word_1_203' title='bbox 470 1711 641 1747; x_wconf 86' lang='lat' dir='ltr'><strong>iuberent</strong></span> <span class='ocrx_word' id='word_1_204' title='bbox 677 1713 867 1757; x_wconf 74' lang='lat' dir='ltr'><strong>indicare.</strong></span> <span class='ocrx_word' id='word_1_205' title='bbox 912 1721 1027 1749; x_wconf 84' lang='lat' dir='ltr'><strong>tantae</strong></span> <span class='ocrx_word' id='word_1_206' title='bbox 1064 1726 1145 1749; x_wconf 84' lang='lat' dir='ltr'><strong>eam</strong></span> <span class='ocrx_word' id='word_1_207' title='bbox 1185 1725 1264 1748; x_wconf 88' lang='lat' dir='ltr'><strong>rem</strong></span> <span class='ocrx_word' id='word_1_208' title='bbox 1304 1711 1441 1747; x_wconf 82' lang='lat' dir='ltr'><strong>laetitiae</strong></span> <span class='ocrx_word' id='word_1_209' title='bbox 1479 1709 1577 1758; x_wconf 83' lang='lat' dir='ltr'><strong>patri</strong></span> <span class='ocrx_word' id='word_1_210' title='bbox 1616 1712 1687 1744; x_wconf 80' lang='lat' dir='ltr'><strong>suo&#39;</strong></span> 
     </span>
     <span class='ocr_line' id='line_1_29' title="bbox 283 1777 1687 1831; baseline -0.002 -15"><span class='ocrx_word' id='word_1_211' title='bbox 283 1792 385 1820; x_wconf 78' lang='lat' dir='ltr'><strong>esse.</strong></span> <span class='ocrx_word' id='word_1_212' title='bbox 432 1789 472 1817; x_wconf 83' lang='lat' dir='ltr'><strong>ut</strong></span> <span class='ocrx_word' id='word_1_213' title='bbox 502 1783 664 1818; x_wconf 85' lang='lat' dir='ltr'><strong>Romam</strong></span> <span class='ocrx_word' id='word_1_214' title='bbox 716 1784 844 1819; x_wconf 82' lang='lat' dir='ltr'><strong>venire</strong></span> <span class='ocrx_word' id='word_1_215' title='bbox 894 1784 985 1819; x_wconf 78' lang='lat' dir='ltr'><strong>velit</strong></span> <span class='ocrx_word' id='word_1_216' title='bbox 1031 1783 1191 1831; x_wconf 80' lang='lat' dir='ltr'><strong>Iovique</strong></span> <span class='ocrx_word' id='word_1_217' title='bbox 1239 1783 1383 1830; x_wconf 87' lang='lat' dir='ltr'><strong>optimo</strong></span> <span class='ocrx_word' id='word_1_218' title='bbox 1430 1780 1597 1815; x_wconf 82' lang='lat' dir='ltr'><strong>maximo</strong></span> <span class='ocrx_word' id='word_1_219' title='bbox 1650 1777 1687 1813; x_wconf 90' lang='lat' dir='ltr'><strong>in</strong></span> 
     </span>
     <span class='ocr_line' id='line_1_30' title="bbox 285 1838 1689 1901; baseline -0.002 -14"><span class='ocrx_word' id='word_1_220' title='bbox 285 1838 478 1900; x_wconf 69' lang='lat' dir='ltr'><strong>Capitolio</strong></span> <span class='ocrx_word' id='word_1_221' title='bbox 509 1853 725 1889; x_wconf 75' lang='lat' dir='ltr'><strong>sacrificare</strong></span> <span class='ocrx_word' id='word_1_222' title='bbox 757 1862 793 1890; x_wconf 88' lang='lat' dir='ltr'><strong>et.</strong></span> <span class='ocrx_word' id='word_1_223' title='bbox 823 1860 952 1901; x_wconf 77' lang='lat' dir='ltr'><strong>grates</strong></span> <span class='ocrx_word' id='word_1_224' title='bbox 982 1865 1116 1901; x_wconf 82' lang='lat' dir='ltr'><strong>agere;</strong></span> <span class='ocrx_word' id='word_1_225' title='bbox 1146 1853 1195 1897; x_wconf 63' lang='lat' dir='ltr'><strong>id.</strong></span> <span class='ocrx_word' id='word_1_226' title='bbox 1226 1852 1297 1888; x_wconf 86' lang='lat' dir='ltr'><strong>nisi</strong></span> <span class='ocrx_word' id='word_1_227' title='bbox 1327 1851 1525 1887; x_wconf 86' lang='lat' dir='ltr'><strong>molestum</strong></span> <span class='ocrx_word' id='word_1_228' title='bbox 1555 1849 1616 1893; x_wconf 76' lang='lat' dir='ltr'><strong>sit,</strong></span> <span class='ocrx_word' id='word_1_229' title='bbox 1647 1854 1689 1884; x_wconf 80' lang='lat' dir='ltr'><strong>ut.</strong></span> 
     </span>
     <span class='ocr_line' id='line_1_31' title="bbox 284 1921 1018 1973; baseline 0.005 -16"><span class='ocrx_word' id='word_1_230' title='bbox 284 1921 317 1957; x_wconf 90' lang='lat' dir='ltr'><strong>ei</strong></span> <span class='ocrx_word' id='word_1_231' title='bbox 347 1923 600 1970; x_wconf 70' lang='lat' dir='ltr'><strong>permittatur,</strong></span> <span class='ocrx_word' id='word_1_232' title='bbox 634 1924 682 1959; x_wconf 86' lang='lat' dir='ltr'><strong>ab</strong></span> <span class='ocrx_word' id='word_1_233' title='bbox 713 1932 846 1960; x_wconf 87' lang='lat' dir='ltr'><strong>senatu</strong></span> <span class='ocrx_word' id='word_1_234' title='bbox 880 1932 1018 1973; x_wconf 83' lang='lat' dir='ltr'><strong>petere.</strong></span> 
     </span>
    </p>

    <p class='ocr_par' dir='ltr' id='par_1_11' title="bbox 394 1991 1688 2043">
     <span class='ocr_line' id='line_1_32' title="bbox 394 1991 1688 2043; baseline -0.002 -15"><span class='ocrx_word' id='word_1_235' title='bbox 394 1993 634 2040; x_wconf 80' lang='lat' dir='ltr'><strong>Responsum</strong></span> <span class='ocrx_word' id='word_1_236' title='bbox 674 1995 806 2043; x_wconf 84' lang='lat' dir='ltr'><strong>regulo</strong></span> <span class='ocrx_word' id='word_1_237' title='bbox 838 2001 915 2039; x_wconf 79' lang='lat' dir='ltr'><strong>est,</strong></span> <span class='ocrx_word' id='word_1_238' title='bbox 964 1994 1090 2031; x_wconf 81' lang='lat' dir='ltr'><strong>facere</strong></span> <span class='ocrx_word' id='word_1_239' title='bbox 1126 1999 1271 2042; x_wconf 87' lang='lat' dir='ltr'><strong>patrem</strong></span> <span class='ocrx_word' id='word_1_240' title='bbox 1310 1993 1390 2028; x_wconf 85' lang='lat' dir='ltr'><strong>eius</strong></span> <span class='ocrx_word' id='word_1_241' title='bbox 1430 1991 1688 2034; x_wconf 72' lang='lat' dir='ltr'><strong>Masinissam,</strong></span> 
     </span>
    </p>
   </div>
   <div class='ocr_carea' id='block_1_11' title="bbox 288 2062 1687 2112">
    <p class='ocr_par' dir='ltr' id='par_1_12' title="bbox 288 2062 1687 2112">
     <span class='ocr_line' id='line_1_33' title="bbox 288 2062 1687 2112; baseline -0.001 -15"><span class='ocrx_word' id='word_1_242' title='bbox 288 2062 390 2110; x_wconf 86' lang='lat' dir='ltr'><strong>quod</strong></span> <span class='ocrx_word' id='word_1_243' title='bbox 416 2063 538 2098; x_wconf 86' lang='lat' dir='ltr'><strong>virum</strong></span> <span class='ocrx_word' id='word_1_244' title='bbox 569 2071 720 2112; x_wconf 84' lang='lat' dir='ltr'><strong>gratum</strong></span> <span class='ocrx_word' id='word_1_245' title='bbox 745 2065 964 2112; x_wconf 88' lang='lat' dir='ltr'><strong>bonumque</strong></span> <span class='ocrx_word' id='word_1_246' title='bbox 984 2064 1110 2101; x_wconf 83' lang='lat' dir='ltr'><strong>faeere</strong></span> <span class='ocrx_word' id='word_1_247' title='bbox 1131 2064 1276 2103; x_wconf 75' lang='lat' dir='ltr'><strong>deceat.</strong></span> <span class='ocrx_word' id='word_1_248' title='bbox 1308 2069 1348 2099; x_wconf 52' lang='lat' dir='ltr'><strong>ut&gt;</strong></span> <span class='ocrx_word' id='word_1_249' title='bbox 1376 2062 1537 2111; x_wconf 85' lang='lat' dir='ltr'><strong>pretium</strong></span> <span class='ocrx_word' id='word_1_250' title='bbox 1568 2062 1687 2097; x_wconf 91' lang='lat' dir='ltr'><strong>hono-</strong></span> 
     </span>
    </p>
   </div>
   <div class='ocr_carea' id='block_1_12' title="bbox 287 2232 1690 2684">
    <p class='ocr_par' dir='ltr' id='par_1_13' title="bbox 287 2232 1690 2684">
     <span class='ocr_line' id='line_1_34' title="bbox 287 2232 1689 2277; baseline -0.002 -13"><span class='ocrx_word' id='word_1_251' title='bbox 287 2240 306 2265; x_wconf 83' lang='lat'><strong>3</strong></span> <span class='ocrx_word' id='word_1_252' title='bbox 333 2241 355 2266; x_wconf 89' lang='lat' dir='ltr'><strong>t.</strong></span> <span class='ocrx_word' id='word_1_253' title='bbox 384 2237 608 2276; x_wconf 78' lang='lat' dir='ltr'><strong>sempronium</strong></span> <span class='ocrx_word' id='word_1_254' title='bbox 635 2246 750 2267; x_wconf 80' lang='lat' dir='ltr'><strong>uscam</strong></span> <span class='ocrx_word' id='word_1_255' title='bbox 779 2236 849 2275; x_wconf 73' lang='lat' dir='ltr'><strong>(Ti.</strong></span> <span class='ocrx_word' id='word_1_256' title='bbox 880 2236 1008 2277; x_wconf 42' lang='grc' dir='ltr'><strong>δι’-σοφῇ.)</strong></span> <span class='ocrx_word' id='word_1_257' title='bbox 1054 2235 1107 2270; x_wconf 74' lang='lat'><strong>12,</strong></span> <span class='ocrx_word' id='word_1_258' title='bbox 1131 2238 1141 2265; x_wconf 90' lang='lat' dir='ltr'><strong>l</strong></span> <span class='ocrx_word' id='word_1_259' title='bbox 1170 2235 1210 2264; x_wconf 84' lang='lat' dir='ltr'><strong>ab</strong></span> <span class='ocrx_word' id='word_1_260' title='bbox 1229 2240 1347 2264; x_wconf 77' lang='lat' dir='ltr'><strong>ateneo</strong></span> <span class='ocrx_word' id='word_1_261' title='bbox 1397 2237 1415 2264; x_wconf 88' lang='lat'><strong>3</strong></span> <span class='ocrx_word' id='word_1_262' title='bbox 1447 2232 1544 2273; x_wconf 75' lang='lat' dir='ltr'><strong>Gryn.</strong></span> <span class='ocrx_word' id='word_1_263' title='bbox 1572 2241 1689 2262; x_wconf 81' lang='lat' dir='ltr'><strong>navem</strong></span> 
     </span>
     <span class='ocr_line' id='line_1_35' title="bbox 290 2290 1689 2335; baseline -0.003 -12"><span class='ocrx_word' id='word_1_264' title='bbox 290 2297 308 2323; x_wconf 80' lang='lat'>4</span> <span class='ocrx_word' id='word_1_265' title='bbox 334 2295 510 2333; x_wconf 78' lang='lat' dir='ltr'><strong>pecuniam</strong></span> <span class='ocrx_word' id='word_1_266' title='bbox 563 2297 579 2324; x_wconf 90' lang='lat'>5</span> <span class='ocrx_word' id='word_1_267' title='bbox 606 2295 794 2335; x_wconf 65' lang='lat' dir='ltr'><strong>peruiceret.</strong></span> <span class='ocrx_word' id='word_1_268' title='bbox 843 2294 896 2331; x_wconf 72' lang='lat'><strong>13,</strong></span> <span class='ocrx_word' id='word_1_269' title='bbox 923 2299 941 2324; x_wconf 76' lang='lat'>2</span> <span class='ocrx_word' id='word_1_270' title='bbox 981 2293 1088 2326; x_wconf 64' lang='lat' dir='ltr'><strong>ll&#39;eiss.</strong></span> <span class='ocrx_word' id='word_1_271' title='bbox 1117 2293 1166 2323; x_wconf 88' lang='lat' dir='ltr'><strong>lbi</strong></span> <span class='ocrx_word' id='word_1_272' title='bbox 1195 2293 1282 2323; x_wconf 78' lang='lat' dir='ltr'><strong>adul.</strong></span> <span class='ocrx_word' id='word_1_273' title='bbox 1337 2295 1355 2322; x_wconf 88' lang='grc'><strong>3</strong></span> <span class='ocrx_word' id='word_1_274' title='bbox 1383 2291 1472 2331; x_wconf 88' lang='lat' dir='ltr'><strong>quod</strong></span> <span class='ocrx_word' id='word_1_275' title='bbox 1496 2290 1622 2331; x_wconf 86' lang='lat' dir='ltr'><strong>pedites</strong></span> <span class='ocrx_word' id='word_1_276' title='bbox 1669 2292 1689 2319; x_wconf 85' lang='lat'>4</span> 
     </span>
     <span class='ocr_line' id='line_1_36' title="bbox 289 2345 1689 2392; baseline -0.002 -12"><span class='ocrx_word' id='word_1_277' title='bbox 289 2352 378 2390; x_wconf 83' lang='lat' dir='ltr'><strong>quod</strong></span> <span class='ocrx_word' id='word_1_278' title='bbox 405 2352 600 2392; x_wconf 80' lang='lat' dir='ltr'><strong>elephantos</strong></span> <span class='ocrx_word' id='word_1_279' title='bbox 651 2356 668 2381; x_wconf 83' lang='lat'><strong>5</strong></span> <span class='ocrx_word' id='word_1_280' title='bbox 699 2353 785 2383; x_wconf 84' lang='lat' dir='ltr'><strong>misit</strong></span> <span class='ocrx_word' id='word_1_281' title='bbox 811 2353 865 2383; x_wconf 82' lang='lat' dir='ltr'><strong>scd</strong></span> <span class='ocrx_word' id='word_1_282' title='bbox 894 2353 975 2382; x_wconf 79' lang='lat' dir='ltr'><strong>duas</strong></span> <span class='ocrx_word' id='word_1_283' title='bbox 1002 2351 1073 2392; x_wconf 56' lang='lat' dir='ltr'><strong>ills).</strong></span> <span class='ocrx_word' id='word_1_284' title='bbox 1092 2350 1164 2381; x_wconf 73' lang='lat' dir='ltr'><strong>Em.</strong></span> <span class='ocrx_word' id='word_1_285' title='bbox 1185 2349 1257 2381; x_wconf 64' lang='lat'><strong>51³7</strong></span> <span class='ocrx_word' id='word_1_286' title='bbox 1283 2348 1398 2390; x_wconf 69' lang='lat' dir='ltr'><strong>(Gi-on.</strong></span> <span class='ocrx_word' id='word_1_287' title='bbox 1427 2348 1578 2379; x_wconf 85' lang='lat' dir='ltr'><strong>misisset.</strong></span> <span class='ocrx_word' id='word_1_288' title='bbox 1607 2345 1689 2388; x_wconf 84' lang='lat' dir='ltr'><strong>Sed)</strong></span> 
     </span>
     <span class='ocr_line' id='line_1_37' title="bbox 291 2405 1689 2451; baseline -0.005 -9"><span class='ocrx_word' id='word_1_289' title='bbox 291 2409 345 2442; x_wconf 82' lang='lat'><strong>14.</strong></span> <span class='ocrx_word' id='word_1_290' title='bbox 376 2414 386 2439; x_wconf 93' lang='lat' dir='ltr'><strong>l</strong></span> <span class='ocrx_word' id='word_1_291' title='bbox 417 2411 548 2441; x_wconf 78' lang='lat' dir='ltr'><strong>ruboris</strong></span> <span class='ocrx_word' id='word_1_292' title='bbox 610 2415 628 2441; x_wconf 85' lang='lat'><strong>3</strong></span> <span class='ocrx_word' id='word_1_293' title='bbox 655 2417 741 2442; x_wconf 86' lang='lat' dir='ltr'><strong>esset</strong></span> <span class='ocrx_word' id='word_1_294' title='bbox 763 2412 766 2450; x_wconf 92' lang='grc' dir='ltr'>Ι</span> <span class='ocrx_word' id='word_1_295' title='bbox 791 2412 975 2451; x_wconf 81' lang='lat' dir='ltr'><strong>inparasset.</strong></span> <span class='ocrx_word' id='word_1_296' title='bbox 1046 2414 1065 2438; x_wconf 78' lang='lat'><strong>4</strong></span> <span class='ocrx_word' id='word_1_297' title='bbox 1093 2409 1236 2439; x_wconf 79' lang='lat' dir='ltr'><strong>misisset</strong></span> <span class='ocrx_word' id='word_1_298' title='bbox 1261 2414 1293 2438; x_wconf 82' lang='lat' dir='ltr'><strong>et</strong></span> <span class='ocrx_word' id='word_1_299' title='bbox 1365 2406 1418 2444; x_wconf 85' lang='lat'><strong>15,</strong></span> <span class='ocrx_word' id='word_1_300' title='bbox 1450 2410 1460 2437; x_wconf 93' lang='lat' dir='ltr'><strong>l</strong></span> <span class='ocrx_word' id='word_1_301' title='bbox 1497 2405 1689 2437; x_wconf 86' lang='lat' dir='ltr'><strong>meminisse</strong></span> 
     </span>
     <span class='ocr_line' id='line_1_38' title="bbox 291 2456 1687 2506; baseline -0.003 -8"><span class='ocrx_word' id='word_1_302' title='bbox 291 2477 431 2506; x_wconf 80' lang='lat' dir='ltr'><strong>regnum</strong></span> <span class='ocrx_word' id='word_1_303' title='bbox 457 2468 565 2500; x_wconf 64' lang='lat' dir='ltr'><strong>Drak.</strong></span> <span class='ocrx_word' id='word_1_304' title='bbox 628 2469 682 2505; x_wconf 75' lang='grc'><strong>16,</strong></span> <span class='ocrx_word' id='word_1_305' title='bbox 712 2473 724 2500; x_wconf 95' lang='lat' dir='ltr'><strong>l</strong></span> <span class='ocrx_word' id='word_1_306' title='bbox 761 2456 934 2500; x_wconf 73' lang='lat' dir='ltr'><strong>sumerent</strong></span> <span class='ocrx_word' id='word_1_307' title='bbox 967 2468 970 2506; x_wconf 94' lang='grc' dir='ltr'>Ι</span> <span class='ocrx_word' id='word_1_308' title='bbox 1005 2468 1136 2498; x_wconf 77' lang='lat' dir='ltr'><strong>eosdem</strong></span> <span class='ocrx_word' id='word_1_309' title='bbox 1176 2476 1210 2497; x_wconf 86' lang='lat' dir='ltr'><strong>se</strong></span> <span class='ocrx_word' id='word_1_310' title='bbox 1249 2476 1315 2497; x_wconf 91' lang='lat' dir='ltr'><strong>non</strong></span> <span class='ocrx_word' id='word_1_311' title='bbox 1353 2474 1471 2505; x_wconf 79' lang='lat' dir='ltr'><strong>rogare</strong></span> <span class='ocrx_word' id='word_1_312' title='bbox 1508 2462 1579 2505; x_wconf 68' lang='lat' dir='ltr'><strong>My.</strong></span> <span class='ocrx_word' id='word_1_313' title='bbox 1615 2462 1687 2494; x_wconf 82' lang='lat' dir='ltr'><strong>Em.</strong></span> 
     </span>
     <span class='ocr_line' id='line_1_39' title="bbox 292 2522 1690 2566; baseline -0.003 -11"><span class='ocrx_word' id='word_1_314' title='bbox 292 2524 365 2555; x_wconf 78' lang='lat'><strong>597</strong></span> <span class='ocrx_word' id='word_1_315' title='bbox 401 2526 516 2566; x_wconf 70' lang='lat' dir='ltr'><strong>(Gryn.</strong></span> <span class='ocrx_word' id='word_1_316' title='bbox 557 2528 705 2564; x_wconf 78' lang='lat' dir='ltr'><strong>eosdem,</strong></span> <span class='ocrx_word' id='word_1_317' title='bbox 743 2537 809 2557; x_wconf 90' lang='lat' dir='ltr'><strong>non</strong></span> <span class='ocrx_word' id='word_1_318' title='bbox 847 2536 880 2558; x_wconf 82' lang='lat' dir='ltr'><strong>se</strong></span> <span class='ocrx_word' id='word_1_319' title='bbox 918 2526 962 2565; x_wconf 86' lang='lat' dir='ltr'><strong>r.)</strong></span> <span class='ocrx_word' id='word_1_320' title='bbox 997 2526 1001 2564; x_wconf 95' lang='grc' dir='ltr'>Ι</span> <span class='ocrx_word' id='word_1_321' title='bbox 1033 2534 1129 2565; x_wconf 80' lang='lat' dir='ltr'><strong>aequo</strong></span> <span class='ocrx_word' id='word_1_322' title='bbox 1168 2534 1238 2556; x_wconf 84' lang='lat' dir='ltr'><strong>esse</strong></span> <span class='ocrx_word' id='word_1_323' title='bbox 1310 2527 1328 2554; x_wconf 79' lang='lat'><strong>2</strong></span> <span class='ocrx_word' id='word_1_324' title='bbox 1368 2524 1412 2553; x_wconf 74' lang='lat' dir='ltr'><strong>ihi</strong></span> <span class='ocrx_word' id='word_1_325' title='bbox 1450 2522 1690 2564; x_wconf 83' lang='lat' dir='ltr'><strong>proueniantur</strong></span> 
     </span>
     <span class='ocr_line' id='line_1_40' title="bbox 293 2581 1689 2623; baseline -0.003 -10"><span class='ocrx_word' id='word_1_326' title='bbox 293 2586 312 2613; x_wconf 84' lang='lat'><strong>3</strong></span> <span class='ocrx_word' id='word_1_327' title='bbox 339 2583 423 2614; x_wconf 79' lang='lat' dir='ltr'><strong>sorte</strong></span> <span class='ocrx_word' id='word_1_328' title='bbox 451 2585 538 2623; x_wconf 85' lang='lat' dir='ltr'><strong>quod</strong></span> <span class='ocrx_word' id='word_1_329' title='bbox 590 2584 644 2621; x_wconf 77' lang='grc'><strong>17,</strong></span> <span class='ocrx_word' id='word_1_330' title='bbox 670 2589 689 2615; x_wconf 88' lang='lat'><strong>3</strong></span> <span class='ocrx_word' id='word_1_331' title='bbox 717 2585 869 2616; x_wconf 82' lang='lat' dir='ltr'><strong>iuberent</strong></span> <span class='ocrx_word' id='word_1_332' title='bbox 895 2592 926 2616; x_wconf 81' lang='lat' dir='ltr'><strong>et</strong></span> <span class='ocrx_word' id='word_1_333' title='bbox 950 2585 1265 2615; x_wconf 75' lang='lat' dir='ltr'><strong>indicarenttaceam</strong></span> <span class='ocrx_word' id='word_1_334' title='bbox 1291 2591 1359 2613; x_wconf 89' lang='lat' dir='ltr'><strong>rem</strong></span> <span class='ocrx_word' id='word_1_335' title='bbox 1416 2585 1435 2611; x_wconf 82' lang='lat'><strong>4</strong></span> <span class='ocrx_word' id='word_1_336' title='bbox 1462 2581 1609 2620; x_wconf 84' lang='lat' dir='ltr'><strong>ioutique</strong></span> <span class='ocrx_word' id='word_1_337' title='bbox 1635 2589 1689 2610; x_wconf 90' lang='lat' dir='ltr'><strong>om</strong></span> 
     </span>
     <span class='ocr_line' id='line_1_41' title="bbox 292 2641 768 2684; baseline 0.006 -13"><span class='ocrx_word' id='word_1_338' title='bbox 292 2641 326 2671; x_wconf 91' lang='lat' dir='ltr'><strong>in</strong></span> <span class='ocrx_word' id='word_1_339' title='bbox 392 2641 488 2672; x_wconf 86' lang='lat' dir='ltr'><strong>XIV.</strong></span> <span class='ocrx_word' id='word_1_340' title='bbox 514 2641 544 2677; x_wconf 72' lang='lat'><strong>1,</strong></span> <span class='ocrx_word' id='word_1_341' title='bbox 573 2646 590 2672; x_wconf 78' lang='lat'><strong>‘2</strong></span> <span class='ocrx_word' id='word_1_342' title='bbox 617 2644 768 2684; x_wconf 76' lang='lat' dir='ltr'><strong>praetium</strong></span> 
     </span>
    </p>
   </div>
  </div>
 </body>
</html>
