1742 2902
185 522 230 557 10

153 725 206 770 25

319 119 366 155 62
671 117 772 148 Liber
798 114 906 146 XLII.
958 115 1020 156 (A.
1049 125 1080 146 u.
1109 125 1136 146 c.
1166 116 1262 155 582.)

262 251 401 283 causa,
453 245 489 275 et
533 237 669 274 fecisse
714 242 750 272 et
794 235 963 273 facturos
1009 249 1110 281 esse;
1163 237 1221 274 ius
1268 237 1405 286 gratiae
1448 249 1524 274 non
1567 237 1672 275 dare.

261 310 425 356 Agrum..
457 319 534 354 qua
563 307 746 354 cuiusque
774 306 842 350 sit,
879 307 1066 355 possideri
1095 307 1214 351 velle,
1258 318 1327 344 nee
1355 319 1478 343 novos
1507 312 1675 344 statuere

262 379 367 418 fines,
411 377 478 412 sed
507 384 655 412 veteres
687 377 893 412 observare
934 376 972 412 in
1004 377 1131 412 animo
1162 377 1318 413 habere.
1383 375 1675 425 Carthaginien-

262 447 367 482 sibus
396 446 506 482 victis
536 458 577 482 se
608 453 644 482 et
673 446 805 482 urbem
837 453 874 482 et
904 458 1018 494 agros
1049 447 1303 491 concessisse,
1334 458 1410 482 non
1443 452 1484 482 ut
1513 446 1551 482 in
1581 458 1677 494 paee

264 515 454 563 eriperent
496 528 565 564 per
602 516 800 560 iniuriam,
846 527 929 563 quae
966 516 1047 551 iure
1080 516 1166 552 belli
1199 529 1276 552 non
1307 516 1549 552 ademissent.
1615 516 1678 552 Ita

263 585 417 632 regulus
448 584 862 633 Carthaginiensesque
892 585 1049 620 dimissi.
1113 586 1277 622 Munera
1306 598 1355 621 ex
1384 586 1556 622 instituto
1587 585 1680 622 data

265 655 447 702 utrisque,
479 655 631 702 aliaque
661 655 866 702 hospitalia
896 654 1054 690 comiter
1083 662 1323 690 conservata.

377 725 459 761 Sub
506 725 604 760 idem
651 731 801 772 tempus
838 722 908 762 Cn.
948 723 1133 761 Servilius
1174 723 1327 772 Caepio,
1371 725 1450 772 Ap.
1497 722 1680 760 Claudius

265 793 407 839 Cento,
450 795 498 832 T.
532 794 682 830 Annius
714 794 882 839 Luscus,
918 794 1032 842 legati
1065 794 1113 829 ad
1143 806 1203 830 res
1234 794 1461 842 repetendas
1490 793 1528 829 in
1550 794 1680 830 Mace-

266 864 421 900 doniam
452 864 822 911 renuntiandamque
856 864 1062 900 amicitiam
1097 864 1177 912 regi
1209 864 1325 908 missi,
1354 863 1568 906 redierunt3
1617 863 1682 910 qui

264 934 340 970 iam
372 946 442 969 sua
472 941 609 982 sponte
638 933 816 970 infestum
849 934 980 970 Persei
1020 941 1192 969 senatum
1232 934 1387 982 insuper
1416 932 1682 978 accenderunt,

266 1003 395 1040 relatis
426 1004 586 1048 ordine,
633 1016 717 1051 quae
748 1003 931 1039 vidissent
975 1015 1135 1050 quaeque
1170 1003 1384 1039 audissent:
1460 1002 1614 1039 Vidisse
1643 1013 1684 1038 se

266 1086 335 1122 per
364 1085 496 1109 omnes
528 1074 640 1109 urbes
671 1073 926 1109 Macedonum
958 1085 1109 1108 summa
1139 1073 1176 1108 vi
1206 1073 1336 1121 parari
1366 1072 1520 1111 bellum.
1585 1070 1683 1108 Cum

267 1144 315 1179 ad
346 1155 473 1191 regem
505 1143 779 1191 pervenissent„
827 1155 894 1191 per
925 1143 1064 1178 multos
1100 1142 1181 1178 dies
1218 1142 1467 1178 conveniendi
1505 1141 1585 1178 eius
1615 1153 1684 1190 po-

268 1219 444 1248 testatem
474 1225 549 1248 non
581 1212 746 1256 sactam3
776 1219 994 1260 postremo,
1025 1225 1109 1248 cum
1138 1213 1343 1260 desperato
1373 1212 1448 1248 iam
1480 1211 1685 1259 conloquio

268 1281 430 1331 profecti
462 1289 599 1327 essent,
629 1288 708 1317 tum
741 1283 892 1318 demum
925 1294 965 1318 se
995 1295 1042 1318 ex
1074 1282 1206 1318 itinere
1236 1288 1439 1318 revocatos
1458 1288 1495 1318 et
1521 1281 1568 1318 ad
1601 1293 1686 1317 eum

269 1352 508 1388 introductos
540 1364 634 1389 esse.
698 1352 786 1389 Suae
817 1352 1000 1387 orationis
1030 1364 1219 1387 summam
1251 1351 1387 1388 fuisse:
1428 1351 1571 1388 Foedus
1601 1362 1688 1387 cum

269 1422 449 1470 Philippo
481 1422 596 1458 ictum
629 1433 735 1466 esse,
780 1434 864 1458 eum
910 1421 994 1469 ipso
1035 1434 1080 1457 eo
1119 1427 1207 1469 post
1237 1428 1398 1457 mortem
1429 1421 1550 1470 patris
1575 1433 1687 1456 reno-

269 1501 421 1536 vatum,
454 1492 490 1527 in
523 1504 599 1539 quo
630 1491 770 1527 diserte
800 1491 994 1539 prohiberi
1025 1504 1109 1527 eum
1139 1498 1249 1527 extra
1278 1492 1372 1527 fines
1403 1503 1512 1527 arma
1541 1489 1689 1537 efferre,

270 1561 463 1609 prohiberi
507 1562 632 1597 socios
677 1561 809 1610 populi
853 1561 1018 1598 Romani
1062 1561 1251 1597 lacessere
1294 1561 1408 1598 bello.
1498 1560 1691 1609 Exposita.

272 1631 408 1666 deinde
441 1631 489 1666 ab
520 1643 560 1666 se
595 1631 739 1675 ordine,
771 1643 854 1678 quae
885 1631 957 1679 ipsi
991 1644 1111 1679 nuper
1140 1631 1176 1666 in
1207 1637 1341 1666 senatu
1366 1631 1563 1667 Eumenen
1597 1617 1690 1666 vera

273 1701 402 1736 omnia
432 1707 470 1736 et
498 1709 682 1748 conperta
711 1700 936 1736 referentem
964 1702 1172 1739 audissent.
1217 1700 1481 1737 Samothracae
1506 1706 1692 1748 praeterea

272 1783 340 1818 per
370 1770 508 1806 multos
539 1770 619 1806 dies
653 1771 842 1807 oecultum
873 1771 1071 1806 eonsilium
1090 1783 1174 1806 cum
1197 1770 1452 1818 legationibus
1481 1769 1690 1806 civitat-ium

275 1840 380 1876 Asiae
425 1852 551 1887 regem
584 1840 774 1878 habuisse.
854 1841 933 1877 Pro
980 1841 1038 1876 his
1083 1841 1229 1875 iniuriis
1273 1840 1472 1885 satisfieri,
1517 1846 1692 1876 senatum

273 1922 390 1945 aecum
423 1922 598 1953 censere,
639 1910 824 1957 reddique
863 1910 935 1945 sibi
976 1921 1037 1945 res
1067 1910 1259 1957 sociisque
1288 1910 1386 1954 suis,
1433 1921 1529 1957 quas
1559 1916 1693 1947 contra

275 1980 332 2015 ius
364 1979 518 2015 foederis
558 1980 711 2016 habeat.
790 1981 934 2028 Regem
975 1980 1025 2015 ad
1064 1992 1111 2015 ea
1149 1980 1272 2027 primo
1308 1991 1509 2015 accensum
1549 1979 1607 2015 ira
1636 1979 1688 2014 in·

274 2049 480 2085 clementer
509 2049 700 2095 locutum,
751 2050 954 2086 avaritiam
985 2050 1282 2098 superbiamque
1311 2049 1497 2086 Romanis
1527 2049 1694 2085 obicien-

276 2204 309 2244 8,
330 2208 339 2234 1
361 2211 547 2235 statuerent
581 2209 598 2235 2
616 2205 786 2236 obseruari
803 2203 900 2235 Gron.
914 2204 1002 2244 (Em.
1019 2203 1103 2243 519)
1135 2204 1167 2240 9,
1189 2207 1206 2234 2
1239 2202 1337 2245 Gryn.
1367 2203 1464 2234 urbes
1486 2202 1491 2244 Ι
1514 2202 1694 2234 concisisse

277 2265 297 2291 3
325 2262 514 2302 iniuriamq.
534 2260 539 2302 1
560 2263 775 2293 admisissent
825 2261 878 2297 10,
909 2266 926 2293 2
954 2263 1284 2301 cartaginienscsque
1340 2265 1359 2292 3
1383 2260 1469 2292 Inter
1495 2264 1695 2291 conseruata

279 2324 306 2349 el
331 2320 392 2349 sub
420 2331 552 2349 vacuum
577 2320 712 2360 spatium
738 2325 783 2350 est
808 2318 830 2349 9
855 2318 904 2350 vel
928 2318 973 2350 10
1007 2318 1176 2349 litterarum
1210 2319 1275 2349 sine
1314 2330 1431 2349 rasura
1490 2317 1605 2355 XXV,
1661 2316 1693 2354 l,

279 2379 298 2406 3
335 2377 423 2416 regis
484 2377 527 2414 2,
568 2381 577 2407 1
617 2379 695 2416 quia
722 2378 786 2407 iam
850 2382 867 2407 2
896 2377 1065 2417 infestus}
1093 2379 1190 2418 (J'ryn.
1222 2376 1315 2407 Persi
1379 2377 1397 2407 3
1425 2376 1551 2407 audent
1609 2374 1647 2413 3,
1675 2378 1693 2405 2

279 2435 399 2465 summi
428 2435 459 2464 ui
509 2438 525 2464 5
555 2443 692 2465 uocatos
741 2434 774 2471 4,
803 2438 820 2464 2
848 2435 950 2465 ictum
977 2444 1012 2465 se
1040 2444 1114 2464 cum
1141 2434 1211 2475 My.
1238 2434 1310 2465 Em.
1338 2433 1406 2465 519
1432 2434 1551 2474 (Gryn.
1580 2432 1694 2471 ictum,

280 2506 374 2540 cum)
401 2507 463 2533 See
490 2509 508 2532 4
534 2503 714 2543 prohibere
742 2506 888 2544 (utroque
918 2502 1001 2541 loco)
1033 2502 1064 2540 6,
1097 2506 1109 2533 l
1138 2502 1324 2533 samotrace
1361 2501 1391 2539 7,
1425 2505 1436 2532 1
1469 2485 1660 2532 satissaiieri
1685 2499 1692 2543 Ι

282 2576 301 2602 2
329 2573 458 2602 censeri
521 2575 539 2601 3
567 2571 715 2601 habebnt
772 2572 805 2609 8,
834 2577 851 2602 2
888 2572 1068 2602 auaritiam
1095 2571 1289 2611 superque}
1312 2571 1514 2602 obicientem
1540 2570 1696 2611 frequen·

282 2634 348 2660 tem
375 2629 464 2669 quod
491 2628 562 2670 My.
591 2628 662 2659 Em.
690 2629 764 2660 520
790 2630 909 2671 (Gryn.
938 2629 1155 2660 obiicientem
1182 2628 1394 2670 frequenter:
1421 2627 1525 2669 quod)
