1796 2929
160 812 204 844 10

160 1020 201 1054 11

159 1159 205 1194 12

163 1439 208 1473 13

166 1645 207 1678 Η

163 1924 207 1957 15

299 139 373 174 136
654 135 756 166 Liber
780 134 908 165 XL111.
962 135 1024 175 (A.
1052 145 1083 165 u.
1112 145 1138 165 c.
1167 135 1262 176 585.)

241 258 397 305 pronius
428 258 642 299 locassent,
683 269 728 291 ea
757 264 845 292 rata
874 256 1014 292 locatio
1045 270 1091 293 ne
1122 264 1240 300 esset3
1285 258 1332 293 ab
1365 258 1513 305 integro
1542 258 1651 296 loca·

241 333 371 361 rentur
411 334 446 360 et
482 332 520 360 ut
558 325 734 361 omnibus
772 325 982 361 redimendi
1013 334 1050 362 et
1080 326 1314 362 conducendi
1345 327 1559 374 promiscue
1589 328 1651 364 ius

240 402 350 430 esset.
410 394 521 429 Diem
557 394 605 429 ad
637 394 716 430 eius
749 395 835 441 leyls
864 396 1104 443 rogationem
1136 396 1294 432 concilio
1326 396 1497 432 tribunus
1528 396 1650 444 plebis

241 463 347 498 dixit.
428 463 502 510 Qui
543 471 742 511 postquam
780 465 906 509 venit,
953 473 992 501 ut
1039 478 1215 502 censores
1254 466 1303 501 ad
1351 465 1648 502 dissuadendum

243 540 531 580 processerunt,
578 532 759 569 Graccho
797 534 945 570 dicente
984 535 1172 570 silentium
1216 534 1298 572 fuit.
1367 538 1454 570 Cum
1486 535 1650 572 claudio

243 602 550 650 obstreperetur,
593 603 826 638 audientiam
864 604 991 639 facere
1022 616 1234 652 praeconem
1270 604 1389 639 iussit.
1455 604 1514 640 Eo
1545 604 1651 641 facto

238 678 441 706 avocatam
482 683 505 706 a
543 684 584 707 se
626 673 840 708 contionem
882 673 1056 709 tribunus
1087 680 1241 720 questus
1273 680 1309 708 et
1340 674 1377 708 in
1408 673 1578 709 ordinem
1609 686 1651 710 se

237 748 426 784 coactum,
460 753 506 776 ex
542 740 749 789 Capitolio,
781 742 845 777 ubi
875 750 958 778 erat
982 743 1196 786 concilium,
1227 743 1331 778 abiit.
1394 742 1558 778 Postero
1591 743 1651 779 die

239 809 411 856 ingentes
451 810 633 846 tumultus
679 811 789 846 ciere.
855 811 916 847 Ti.
949 811 1117 849 Gracchi
1162 811 1325 859 primum
1370 812 1472 848 bona
1517 825 1651 848 eonse-

237 879 382 923 cravst,
419 880 523 926 quod
553 880 591 915 in
622 880 742 915 multa
773 880 1074 928 pignoribusque
1106 881 1207 924 eius,
1248 882 1311 928 qui
1351 881 1542 917 tribunum
1582 895 1651 930 ap-

239 948 442 995 pellasset,
482 949 744 986 intercessioni
777 962 854 985 non
887 951 1058 997 parendo
1097 962 1136 986 se
1177 951 1214 986 in
1245 951 1415 986 ordinem
1449 951 1652 998 coegisset.

240 1017 283 1054 C.
322 1016 484 1054 Claudio
515 1019 613 1054 diem
647 1020 764 1063 dixit,
811 1019 914 1066 quod
952 1019 1166 1055 contionem
1199 1021 1247 1055 ab
1278 1032 1318 1055 se
1349 1028 1570 1065 avocasset,
1616 1028 1654 1057 et

238 1088 390 1135 utrique
421 1089 569 1125 censori
599 1089 896 1137 perduellionem
931 1102 972 1126 se
1002 1089 1170 1125 iudicare
1203 1090 1485 1138 pronuntiavit,
1532 1091 1653 1127 diem-

240 1168 313 1203 que
343 1158 506 1194 comitiis
550 1172 572 1194 a
603 1158 646 1195 C.
678 1159 847 1207 Sulpicio
891 1167 1054 1206 praetore
1096 1160 1243 1195 urbano
1286 1160 1403 1207 petiit.
1467 1160 1557 1196 Non
1591 1174 1653 1196 re-

240 1227 461 1262 cusantibus
493 1229 738 1271 cerisoi·ibus‚
781 1241 856 1276 quo
900 1228 1023 1264 minus
1054 1229 1178 1276 primo
1211 1242 1363 1276 quoque
1394 1237 1566 1277 tempore
1596 1230 1654 1265 iu-

241 1295 381 1331 dicium
414 1297 460 1332 de
492 1310 533 1333 se
554 1298 719 1345 populus
750 1298 906 1340 faceret,
938 1298 976 1333 in
1007 1304 1094 1334 ante
1125 1299 1223 1334 diem
1256 1306 1434 1334 octavum
1467 1306 1503 1334 et
1534 1299 1654 1346 septi-

238 1377 341 1400 mum
390 1366 590 1402 Kalendas
636 1366 825 1403 Octobres
875 1367 1038 1402 comitiis
1088 1367 1356 1416 perduellionis
1413 1368 1514 1404 dieta
1561 1368 1654 1403 dics.

244 1433 433 1471 Censores
464 1436 657 1484 extemplo
697 1437 734 1472 in
773 1436 911 1472 atrium
944 1436 1151 1473 Libertatis
1188 1437 1437 1473 escenderunt
1480 1444 1538 1476 et,
1584 1439 1654 1473 ob-

240 1504 400 1551 signatis
431 1506 581 1541 tabellis
611 1506 773 1554 publicis
805 1506 1013 1553 clausoque
1043 1507 1233 1542 tabulario
1274 1514 1310 1542 et
1339 1506 1504 1542 dimissis
1534 1507 1656 1544 servis

242 1573 416 1621 publicis,
446 1583 646 1622 negarunt,
677 1588 717 1611 se
747 1576 851 1624 prius
884 1575 1091 1623 quidquam
1123 1576 1262 1624 publici
1295 1576 1436 1623 negotii
1466 1582 1656 1624 gesturos⁷

245 1655 360 1690 quam
402 1644 579 1681 iudicium
619 1646 750 1693 populi
792 1646 838 1681 de
878 1658 918 1681 se
957 1645 1100 1682 factum
1134 1653 1242 1681 esset.
1328 1645 1440 1681 Prior
1471 1645 1655 1682 Claudius

242 1724 398 1748 causam
430 1713 548 1758 dixit,
580 1722 635 1758 et,
667 1727 750 1750 cum
783 1727 831 1751 ex
861 1716 946 1751 XII
977 1715 1154 1751 centuriis
1188 1715 1355 1762 equitum
1388 1714 1490 1750 VIII
1522 1726 1655 1750 censo-

240 1794 319 1817 rem
359 1783 680 1819 condemnassent
718 1784 922 1832 niultaeque
960 1784 1044 1820 aliae
1099 1783 1229 1831 prima:
1266 1783 1420 1828 classis,
1460 1783 1654 1831 extemplo

244 1851 434 1899 principes
467 1853 630 1890 civitatis
662 1854 699 1889 in
735 1861 939 1902 conspectu
972 1853 1123 1901 populi2
1177 1853 1299 1888 anulis
1341 1853 1466 1888 aurcis
1506 1853 1655 1901 positis,

240 1929 385 1957 vestem
418 1931 633 1970 mutarunt,
665 1930 705 1959 ut
736 1923 926 1972 supplices
967 1923 1117 1971 plebem
1161 1922 1412 1958 circumirent.
1482 1923 1655 1958 Maxime

242 1998 371 2027 tamen
401 1993 629 2028 sententiam
670 1993 830 2029 vertisse
867 1993 1005 2029 dicitur
1035 1993 1096 2028 Ti.
1133 1992 1353 2035 Gracchus,
1399 1992 1523 2039 quod,
1568 2004 1653 2028 cum

241 2061 389 2097 clamor
437 2062 602 2110 undique
647 2063 768 2111 plebis
813 2070 936 2108 esset,
986 2061 1195 2110 periculum
1231 2060 1410 2097 Graccho
1451 2074 1527 2097 non
1559 2073 1654 2107 esse,

241 2219 261 2246 3
289 2216 333 2246 ad
359 2216 490 2256 integro
510 2216 643 2258 Ix'reyss.
671 2216 792 2257 (Gryn.
821 2216 861 2246 de
888 2215 1035 2254 integro)
1084 2216 1116 2252 8,
1147 2218 1159 2245 1
1189 2215 1229 2245 ad
1255 2215 1326 2245 cius
1353 2215 1562 2254 rogationem
1578 2214 1654 2255 My.

237 2280 310 2314 post
329 2272 461 2315 lx'reyss,
514 2279 532 2305 2
560 2285 591 2314 q.
619 2279 697 2314 post
722 2274 815 2304 uenit
862 2277 881 2303 3
909 2273 1052 2303 dicendo
1074 2272 1079 2311 Ι
1102 2272 1165 2302 suit
1198 2271 1331 2302 claudio
1380 2273 1412 2308 9,
1440 2276 1457 2302 2
1485 2273 1650 2309 auocato}

242 2338 390 2370 quaestus
441 2335 459 2362 3
488 2332 559 2362 abit
592 2335 611 2361 4
638 2332 784 2370 ingentis
826 2330 880 2368 10,
912 2333 924 2360 l
956 2330 1013 2360 tib.
1037 2329 1147 2369 graeei
1188 2333 1205 2358 2
1235 2329 1289 2367 qui
1317 2330 1440 2359 tribuni
1467 2329 1521 2369 qui
1548 2327 1652 2358 tribu-

246 2388 350 2431 nunm
377 2400 605 2440 appellassent
653 2399 708 2437 11,
739 2403 976 2430 lauocassent
1014 2402 1032 2428 2
1060 2398 1228 2436 utrimque
1277 2401 1296 2428 3
1323 2398 1406 2438 petit
1456 2396 1510 2434 12,
1538 2401 1555 2426 2
1584 2384 1653 2436 quii

243 2458 353 2488 minus
383 2458 481 2489 (ἰν-οη.
509 2457 616 2495 ταςιίε;
644 2468 671 2487 v.
698 2456 772 2487 Em.
800 2456 884 2487 556.
935 2459 954 2486 3
981 2456 1014 2485 in
1040 2461 1119 2485 ante
1146 2455 1198 2484 die
1226 2463 1307 2485 ·uni·
1335 2460 1367 2485 et
1395 2463 1463 2484 ·u11·
1490 2454 1556 2484 kal.
1584 2460 1651 2485 oet.

241 2514 375 2547 comitis
402 2513 533 2555 Kreyss.
563 2514 681 2556 (Gryn.
716 2515 750 2545 in
777 2520 854 2544 ante
881 2512 970 2553 dics)
1022 2512 1074 2549 13,
1106 2515 1117 2542 l
1148 2512 1504 2542 libertatescenderunt
1518 2509 1650 2552 Kreyss-

242 2571 366 2614 (Gryn.
406 2571 588 2604 Libertatis
625 2572 712 2611 asc.)
749 2573 754 2611 ι
789 2577 821 2602 et
858 2570 903 2601 ibi
942 2570 1082 2610 signatis
1119 2568 1190 2610 My.
1218 2569 1290 2600 Em.
1320 2568 1389 2600 555
1456 2572 1474 2598 2
1501 2567 1653 2598 Fortasse

244 2640 372 2672 tabulis
397 2638 462 2673 ibd.
512 2643 621 2670 ‘lesse
670 2639 724 2677 14,
754 2644 770 2669 2
792 2627 993 2670 condsorem
1044 2642 1061 2669 5
1090 2638 1235 2678 suplices
1293 2637 1347 2676 15,
1375 2642 1392 2667 2
1421 2637 1478 2667 tib.
1511 2645 1661 2676 graecus-
