<?xml version="1.0" encoding="UTF-8"?>
<!DOCTYPE html PUBLIC "-//W3C//DTD XHTML 1.0 Transitional//EN"
    "http://www.w3.org/TR/xhtml1/DTD/xhtml1-transitional.dtd">
<html xmlns="http://www.w3.org/1999/xhtml" xml:lang="en" lang="en">
 <head>
  <title>
</title>
<meta http-equiv="Content-Type" content="text/html;charset=utf-8" />
  <meta name='ocr-system' content='tesseract 3.04.00' />
  <meta name='ocr-capabilities' content='ocr_page ocr_carea ocr_par ocr_line ocrx_word'/>
</head>
<body>
  <div class='ocr_page' id='page_1' title='image "./p1historiarumrom04livyuoft_0366.png"; bbox 0 0 1753 2934; ppageno 0'>
   <div class='ocr_carea' id='block_1_1' title="bbox 279 110 1013 145">
    <p class='ocr_par' dir='ltr' id='par_1_1' title="bbox 279 110 1013 145">
     <span class='ocr_line' id='line_1_1' title="bbox 279 110 1013 145; baseline 0.003 -6"><span class='ocrx_word' id='word_1_1' title='bbox 279 113 297 145; x_wconf 78' lang='lat'>-1</span> <span class='ocrx_word' id='word_1_2' title='bbox 306 117 327 144; x_wconf 74' lang='grc' dir='ltr'>υ</span> <span class='ocrx_word' id='word_1_3' title='bbox 839 110 1013 141; x_wconf 81' lang='lat' dir='ltr'>Periochae</span> 
     </span>
    </p>
   </div>
   <div class='ocr_carea' id='block_1_2' title="bbox 221 240 1627 341">
    <p class='ocr_par' dir='ltr' id='par_1_2' title="bbox 221 240 1627 341">
     <span class='ocr_line' id='line_1_2' title="bbox 221 240 1627 284; baseline 0.003 -14"><span class='ocrx_word' id='word_1_4' title='bbox 221 240 373 270; x_wconf 85' lang='lat' dir='ltr'>Eumene</span> <span class='ocrx_word' id='word_1_5' title='bbox 410 250 486 278; x_wconf 74' lang='lat' dir='ltr'>rege</span> <span class='ocrx_word' id='word_1_6' title='bbox 514 240 670 279; x_wconf 75' lang='lat' dir='ltr'>Pergami</span> <span class='ocrx_word' id='word_1_7' title='bbox 709 247 741 270; x_wconf 86' lang='lat' dir='ltr'>et</span> <span class='ocrx_word' id='word_1_8' title='bbox 767 240 887 272; x_wconf 89' lang='lat' dir='ltr'>Gentio</span> <span class='ocrx_word' id='word_1_9' title='bbox 920 250 997 281; x_wconf 82' lang='lat' dir='ltr'>rege</span> <span class='ocrx_word' id='word_1_10' title='bbox 1024 241 1234 282; x_wconf 77' lang='lat' dir='ltr'>lllyriorum,</span> <span class='ocrx_word' id='word_1_11' title='bbox 1271 243 1348 280; x_wconf 80' lang='lat' dir='ltr'>quia</span> <span class='ocrx_word' id='word_1_12' title='bbox 1375 243 1414 274; x_wconf 86' lang='lat' dir='ltr'>iis</span> <span class='ocrx_word' id='word_1_13' title='bbox 1440 244 1627 284; x_wconf 81' lang='lat' dir='ltr'>pecuniam,</span> 
     </span>
     <span class='ocr_line' id='line_1_3' title="bbox 222 301 1175 341; baseline 0.003 -11"><span class='ocrx_word' id='word_1_14' title='bbox 222 310 319 341; x_wconf 85' lang='lat' dir='ltr'>qnam</span> <span class='ocrx_word' id='word_1_15' title='bbox 346 301 559 340; x_wconf 71' lang='lat' dir='ltr'>promiserat.</span> <span class='ocrx_word' id='word_1_16' title='bbox 586 310 652 331; x_wconf 87' lang='lat' dir='ltr'>non</span> <span class='ocrx_word' id='word_1_17' title='bbox 679 301 794 340; x_wconf 82' lang='lat' dir='ltr'>dabat,</span> <span class='ocrx_word' id='word_1_18' title='bbox 819 302 953 333; x_wconf 91' lang='lat' dir='ltr'>relictus</span> <span class='ocrx_word' id='word_1_19' title='bbox 980 303 1022 333; x_wconf 78' lang='lat' dir='ltr'>ab</span> <span class='ocrx_word' id='word_1_20' title='bbox 1048 303 1089 333; x_wconf 84' lang='lat' dir='ltr'>iis</span> <span class='ocrx_word' id='word_1_21' title='bbox 1115 309 1175 333; x_wconf 88' lang='lat' dir='ltr'>est.</span> 
     </span>
    </p>
   </div>
   <div class='ocr_carea' id='block_1_3' title="bbox 766 407 1078 439">
    <p class='ocr_par' dir='ltr' id='par_1_3' title="bbox 766 407 1078 439">
     <span class='ocr_line' id='line_1_4' title="bbox 766 407 1078 439; baseline 0.003 -1"><span class='ocrx_word' id='word_1_22' title='bbox 766 408 829 438; x_wconf 88' lang='lat' dir='ltr'>EX</span> <span class='ocrx_word' id='word_1_23' title='bbox 857 408 942 439; x_wconf 88' lang='lat' dir='ltr'>LIB.</span> <span class='ocrx_word' id='word_1_24' title='bbox 970 407 1078 439; x_wconf 82' lang='lat' dir='ltr'>XLV.</span> 
     </span>
    </p>
   </div>
   <div class='ocr_carea' id='block_1_4' title="bbox 210 480 1625 1695">
    <p class='ocr_par' dir='ltr' id='par_1_4' title="bbox 210 480 1625 1695">
     <span class='ocr_line' id='line_1_5' title="bbox 313 480 1625 525; baseline 0.003 -14"><span class='ocrx_word' id='word_1_25' title='bbox 313 480 456 511; x_wconf 79' lang='lat' dir='ltr'>Perseus</span> <span class='ocrx_word' id='word_1_26' title='bbox 499 483 540 513; x_wconf 86' lang='lat' dir='ltr'>ab</span> <span class='ocrx_word' id='word_1_27' title='bbox 574 483 715 515; x_wconf 75' lang='lat' dir='ltr'>AEmilio</span> <span class='ocrx_word' id='word_1_28' title='bbox 747 484 856 515; x_wconf 80' lang='lat' dir='ltr'>Paulo</span> <span class='ocrx_word' id='word_1_29' title='bbox 893 485 926 515; x_wconf 90' lang='lat' dir='ltr'>in</span> <span class='ocrx_word' id='word_1_30' title='bbox 964 483 1182 515; x_wconf 81' lang='lat' dir='ltr'>Samothrace</span> <span class='ocrx_word' id='word_1_31' title='bbox 1223 490 1338 525; x_wconf 85' lang='lat' dir='ltr'>captus</span> <span class='ocrx_word' id='word_1_32' title='bbox 1381 490 1440 516; x_wconf 90' lang='lat' dir='ltr'>est.</span> <span class='ocrx_word' id='word_1_33' title='bbox 1515 484 1625 523; x_wconf 84' lang='lat' dir='ltr'>Quum</span> 
     </span>
     <span class='ocr_line' id='line_1_6' title="bbox 222 542 1624 586; baseline 0.004 -15"><span class='ocrx_word' id='word_1_34' title='bbox 222 542 410 574; x_wconf 73' lang='lat' dir='ltr'>Antiochus</span> <span class='ocrx_word' id='word_1_35' title='bbox 433 542 536 584; x_wconf 64' lang='lat' dir='ltr'>Syriae</span> <span class='ocrx_word' id='word_1_36' title='bbox 563 554 622 574; x_wconf 82' lang='lat' dir='ltr'>rex</span> <span class='ocrx_word' id='word_1_37' title='bbox 640 544 858 576; x_wconf 78' lang='lat' dir='ltr'>Ptolemaeum</span> <span class='ocrx_word' id='word_1_38' title='bbox 887 554 916 576; x_wconf 92' lang='lat' dir='ltr'>et</span> <span class='ocrx_word' id='word_1_39' title='bbox 937 544 1150 586; x_wconf 79' lang='lat' dir='ltr'>Cleopatram</span> <span class='ocrx_word' id='word_1_40' title='bbox 1173 545 1311 586; x_wconf 66' lang='lat' dir='ltr'>AEgypti</span> <span class='ocrx_word' id='word_1_41' title='bbox 1339 555 1433 585; x_wconf 71' lang='lat' dir='ltr'>reges</span> <span class='ocrx_word' id='word_1_42' title='bbox 1459 546 1624 577; x_wconf 76' lang='lat' dir='ltr'>obsideret</span> 
     </span>
     <span class='ocr_line' id='line_1_7' title="bbox 219 604 1624 647; baseline 0.004 -15"><span class='ocrx_word' id='word_1_43' title='bbox 219 611 251 633; x_wconf 90' lang='lat' dir='ltr'>et</span> <span class='ocrx_word' id='word_1_44' title='bbox 277 604 389 634; x_wconf 81' lang='lat' dir='ltr'>missis</span> <span class='ocrx_word' id='word_1_45' title='bbox 419 606 460 635; x_wconf 81' lang='lat' dir='ltr'>ad</span> <span class='ocrx_word' id='word_1_46' title='bbox 489 615 562 636; x_wconf 87' lang='lat' dir='ltr'>eum</span> <span class='ocrx_word' id='word_1_47' title='bbox 598 616 617 636; x_wconf 87' lang='lat' dir='ltr'>a</span> <span class='ocrx_word' id='word_1_48' title='bbox 643 612 760 636; x_wconf 86' lang='lat' dir='ltr'>senatu</span> <span class='ocrx_word' id='word_1_49' title='bbox 786 607 926 647; x_wconf 74' lang='lat' dir='ltr'>legatis,</span> <span class='ocrx_word' id='word_1_50' title='bbox 965 607 1018 647; x_wconf 83' lang='lat' dir='ltr'>qui</span> <span class='ocrx_word' id='word_1_51' title='bbox 1046 607 1216 643; x_wconf 84' lang='lat' dir='ltr'>iuberent,</span> <span class='ocrx_word' id='word_1_52' title='bbox 1255 607 1296 638; x_wconf 83' lang='lat' dir='ltr'>ab</span> <span class='ocrx_word' id='word_1_53' title='bbox 1333 607 1506 638; x_wconf 80' lang='lat' dir='ltr'>obsidione</span> <span class='ocrx_word' id='word_1_54' title='bbox 1543 608 1624 638; x_wconf 85' lang='lat' dir='ltr'>socii</span> 
     </span>
     <span class='ocr_line' id='line_1_8' title="bbox 217 666 1622 708; baseline 0.003 -13"><span class='ocrx_word' id='word_1_55' title='bbox 217 666 304 705; x_wconf 73' lang='lat' dir='ltr'>regis</span> <span class='ocrx_word' id='word_1_56' title='bbox 331 666 518 700; x_wconf 78' lang='lat' dir='ltr'>absisteret.</span> <span class='ocrx_word' id='word_1_57' title='bbox 552 667 718 708; x_wconf 77' lang='lat' dir='ltr'>editisque</span> <span class='ocrx_word' id='word_1_58' title='bbox 746 669 911 699; x_wconf 79' lang='lat' dir='ltr'>mandatis</span> <span class='ocrx_word' id='word_1_59' title='bbox 939 669 1225 699; x_wconf 81' lang='lat' dir='ltr'>consideraturum</span> <span class='ocrx_word' id='word_1_60' title='bbox 1251 678 1297 705; x_wconf 85' lang='lat' dir='ltr'>se,</span> <span class='ocrx_word' id='word_1_61' title='bbox 1332 668 1411 707; x_wconf 86' lang='lat' dir='ltr'>quid</span> <span class='ocrx_word' id='word_1_62' title='bbox 1434 667 1622 699; x_wconf 79' lang='lat' dir='ltr'>faciendum</span> 
     </span>
     <span class='ocr_line' id='line_1_9' title="bbox 216 728 1624 771; baseline 0.002 -15"><span class='ocrx_word' id='word_1_63' title='bbox 216 732 311 763; x_wconf 81' lang='lat' dir='ltr'>esset,</span> <span class='ocrx_word' id='word_1_64' title='bbox 341 728 577 768; x_wconf 64' lang='lat' dir='ltr'>respondisset,</span> <span class='ocrx_word' id='word_1_65' title='bbox 606 738 692 759; x_wconf 90' lang='lat' dir='ltr'>unus</span> <span class='ocrx_word' id='word_1_66' title='bbox 721 738 760 759; x_wconf 84' lang='lat' dir='ltr'>ex</span> <span class='ocrx_word' id='word_1_67' title='bbox 787 729 904 768; x_wconf 78' lang='lat' dir='ltr'>legatis</span> <span class='ocrx_word' id='word_1_68' title='bbox 924 729 1076 771; x_wconf 81' lang='lat' dir='ltr'>Popilius</span> <span class='ocrx_word' id='word_1_69' title='bbox 1103 731 1197 770; x_wconf 76' lang='lat' dir='ltr'>virga</span> <span class='ocrx_word' id='word_1_70' title='bbox 1224 739 1336 769; x_wconf 83' lang='lat' dir='ltr'>regem</span> <span class='ocrx_word' id='word_1_71' title='bbox 1364 729 1624 770; x_wconf 78' lang='lat' dir='ltr'>circumscripsit</span> 
     </span>
     <span class='ocr_line' id='line_1_10' title="bbox 216 788 1624 832; baseline 0.002 -15"><span class='ocrx_word' id='word_1_72' title='bbox 216 788 394 829; x_wconf 80' lang='lat' dir='ltr'>iussitque,</span> <span class='ocrx_word' id='word_1_73' title='bbox 459 796 638 830; x_wconf 82' lang='lat' dir='ltr'>antequam</span> <span class='ocrx_word' id='word_1_74' title='bbox 687 791 813 821; x_wconf 88' lang='lat' dir='ltr'>circulo</span> <span class='ocrx_word' id='word_1_75' title='bbox 859 792 1054 828; x_wconf 71' lang='lat' dir='ltr'>excederet,</span> <span class='ocrx_word' id='word_1_76' title='bbox 1111 800 1305 832; x_wconf 85' lang='lat' dir='ltr'>responsum</span> <span class='ocrx_word' id='word_1_77' title='bbox 1359 791 1463 820; x_wconf 86' lang='lat' dir='ltr'>daret.</span> <span class='ocrx_word' id='word_1_78' title='bbox 1552 788 1624 827; x_wconf 82' lang='lat' dir='ltr'>Qua</span> 
     </span>
     <span class='ocr_line' id='line_1_11' title="bbox 215 850 1622 891; baseline 0.001 -12"><span class='ocrx_word' id='word_1_79' title='bbox 215 851 391 890; x_wconf 73' lang='lat' dir='ltr'>asperitate</span> <span class='ocrx_word' id='word_1_80' title='bbox 419 850 539 886; x_wconf 74' lang='lat' dir='ltr'>effecit,</span> <span class='ocrx_word' id='word_1_81' title='bbox 567 858 602 881; x_wconf 89' lang='lat' dir='ltr'>ut</span> <span class='ocrx_word' id='word_1_82' title='bbox 623 851 812 882; x_wconf 71' lang='lat' dir='ltr'>Antiochus</span> <span class='ocrx_word' id='word_1_83' title='bbox 840 853 963 884; x_wconf 87' lang='lat' dir='ltr'>bellum</span> <span class='ocrx_word' id='word_1_84' title='bbox 991 853 1168 884; x_wconf 84' lang='lat' dir='ltr'>omitteret.</span> <span class='ocrx_word' id='word_1_85' title='bbox 1220 852 1423 891; x_wconf 77' lang='lat' dir='ltr'>Legationes</span> <span class='ocrx_word' id='word_1_86' title='bbox 1449 851 1622 890; x_wconf 84' lang='lat' dir='ltr'>gratulan-</span> 
     </span>
     <span class='ocr_line' id='line_1_12' title="bbox 215 910 1622 953; baseline 0.004 -15"><span class='ocrx_word' id='word_1_87' title='bbox 215 910 299 940; x_wconf 81' lang='lat' dir='ltr'>tium</span> <span class='ocrx_word' id='word_1_88' title='bbox 324 912 527 951; x_wconf 82' lang='lat' dir='ltr'>populorum</span> <span class='ocrx_word' id='word_1_89' title='bbox 554 919 654 953; x_wconf 80' lang='lat' dir='ltr'>atque</span> <span class='ocrx_word' id='word_1_90' title='bbox 681 922 796 952; x_wconf 77' lang='lat' dir='ltr'>regum</span> <span class='ocrx_word' id='word_1_91' title='bbox 824 915 856 945; x_wconf 91' lang='lat' dir='ltr'>in</span> <span class='ocrx_word' id='word_1_92' title='bbox 884 922 1003 946; x_wconf 81' lang='lat' dir='ltr'>senatu</span> <span class='ocrx_word' id='word_1_93' title='bbox 1031 913 1199 951; x_wconf 63' lang='lat' dir='ltr'>admissae,</span> <span class='ocrx_word' id='word_1_94' title='bbox 1236 913 1463 950; x_wconf 79' lang='lat' dir='ltr'>Rhodiorum,</span> <span class='ocrx_word' id='word_1_95' title='bbox 1498 913 1553 953; x_wconf 81' lang='lat' dir='ltr'>qui</span> <span class='ocrx_word' id='word_1_96' title='bbox 1583 922 1622 943; x_wconf 89' lang='lat' dir='ltr'>eo</span> 
     </span>
     <span class='ocr_line' id='line_1_13' title="bbox 215 971 1622 1014; baseline 0.001 -13"><span class='ocrx_word' id='word_1_97' title='bbox 215 971 304 1002; x_wconf 80' lang='lat' dir='ltr'>bello</span> <span class='ocrx_word' id='word_1_98' title='bbox 331 980 447 1003; x_wconf 83' lang='lat' dir='ltr'>contra</span> <span class='ocrx_word' id='word_1_99' title='bbox 473 974 634 1014; x_wconf 82' lang='lat' dir='ltr'>populum</span> <span class='ocrx_word' id='word_1_100' title='bbox 661 974 851 1005; x_wconf 86' lang='lat' dir='ltr'>Romanum</span> <span class='ocrx_word' id='word_1_101' title='bbox 879 976 972 1007; x_wconf 56' lang='lat' dir='ltr'>l’rrsi</span> <span class='ocrx_word' id='word_1_102' title='bbox 997 976 1166 1011; x_wconf 74' lang='lat' dir='ltr'>faverant,</span> <span class='ocrx_word' id='word_1_103' title='bbox 1206 975 1352 1005; x_wconf 80' lang='lat' dir='ltr'>exclusa.</span> <span class='ocrx_word' id='word_1_104' title='bbox 1404 974 1547 1005; x_wconf 81' lang='lat' dir='ltr'>Postera</span> <span class='ocrx_word' id='word_1_105' title='bbox 1572 975 1622 1004; x_wconf 87' lang='lat' dir='ltr'>die</span> 
     </span>
     <span class='ocr_line' id='line_1_14' title="bbox 215 1035 1620 1074; baseline 0.002 -12"><span class='ocrx_word' id='word_1_106' title='bbox 215 1043 315 1073; x_wconf 72' lang='lat' dir='ltr'>quum</span> <span class='ocrx_word' id='word_1_107' title='bbox 341 1035 382 1064; x_wconf 84' lang='lat' dir='ltr'>dc</span> <span class='ocrx_word' id='word_1_108' title='bbox 409 1044 447 1065; x_wconf 89' lang='lat' dir='ltr'>eo</span> <span class='ocrx_word' id='word_1_109' title='bbox 475 1043 695 1074; x_wconf 84' lang='lat' dir='ltr'>quaereretur,</span> <span class='ocrx_word' id='word_1_110' title='bbox 735 1043 771 1066; x_wconf 89' lang='lat' dir='ltr'>ut</span> <span class='ocrx_word' id='word_1_111' title='bbox 798 1036 843 1066; x_wconf 79' lang='lat' dir='ltr'>eis</span> <span class='ocrx_word' id='word_1_112' title='bbox 872 1036 996 1066; x_wconf 83' lang='lat' dir='ltr'>bellum</span> <span class='ocrx_word' id='word_1_113' title='bbox 1023 1037 1235 1073; x_wconf 71' lang='lat' dir='ltr'>indiceretur,</span> <span class='ocrx_word' id='word_1_114' title='bbox 1279 1046 1414 1067; x_wconf 83' lang='lat' dir='ltr'>eausam</span> <span class='ocrx_word' id='word_1_115' title='bbox 1441 1037 1474 1066; x_wconf 91' lang='lat' dir='ltr'>in</span> <span class='ocrx_word' id='word_1_116' title='bbox 1502 1042 1620 1066; x_wconf 80' lang='lat' dir='ltr'>senatu</span> 
     </span>
     <span class='ocr_line' id='line_1_15' title="bbox 213 1095 1621 1138; baseline 0.001 -12"><span class='ocrx_word' id='word_1_117' title='bbox 213 1095 327 1134; x_wconf 76' lang='lat' dir='ltr'>patriae</span> <span class='ocrx_word' id='word_1_118' title='bbox 362 1105 428 1126; x_wconf 79' lang='lat' dir='ltr'>suae</span> <span class='ocrx_word' id='word_1_119' title='bbox 470 1096 571 1136; x_wconf 80' lang='lat' dir='ltr'>legati</span> <span class='ocrx_word' id='word_1_120' title='bbox 609 1104 763 1136; x_wconf 80' lang='lat' dir='ltr'>egerunt:</span> <span class='ocrx_word' id='word_1_121' title='bbox 806 1107 867 1128; x_wconf 88' lang='lat' dir='ltr'>nec</span> <span class='ocrx_word' id='word_1_122' title='bbox 903 1104 1062 1138; x_wconf 76' lang='lat' dir='ltr'>tanquam</span> <span class='ocrx_word' id='word_1_123' title='bbox 1097 1099 1179 1129; x_wconf 80' lang='lat' dir='ltr'>socii</span> <span class='ocrx_word' id='word_1_124' title='bbox 1221 1108 1280 1128; x_wconf 86' lang='lat' dir='ltr'>nee</span> <span class='ocrx_word' id='word_1_125' title='bbox 1318 1104 1475 1138; x_wconf 84' lang='lat' dir='ltr'>tanquam</span> <span class='ocrx_word' id='word_1_126' title='bbox 1511 1097 1621 1128; x_wconf 76' lang='lat' dir='ltr'>hostes</span> 
     </span>
     <span class='ocr_line' id='line_1_16' title="bbox 212 1157 1620 1200; baseline 0.003 -15"><span class='ocrx_word' id='word_1_127' title='bbox 212 1157 352 1188; x_wconf 75' lang='lat' dir='ltr'>dimissi.</span> <span class='ocrx_word' id='word_1_128' title='bbox 406 1157 607 1189; x_wconf 79' lang='lat' dir='ltr'>Macedonia</span> <span class='ocrx_word' id='word_1_129' title='bbox 642 1159 675 1189; x_wconf 91' lang='lat' dir='ltr'>in</span> <span class='ocrx_word' id='word_1_130' title='bbox 710 1159 888 1200; x_wconf 73' lang='lat' dir='ltr'>provinciae</span> <span class='ocrx_word' id='word_1_131' title='bbox 924 1159 1063 1190; x_wconf 82' lang='lat' dir='ltr'>sormam</span> <span class='ocrx_word' id='word_1_132' title='bbox 1104 1161 1247 1190; x_wconf 79' lang='lat' dir='ltr'>redacta.</span> <span class='ocrx_word' id='word_1_133' title='bbox 1298 1159 1458 1190; x_wconf 84' lang='lat' dir='ltr'>AEmilius</span> <span class='ocrx_word' id='word_1_134' title='bbox 1482 1159 1620 1190; x_wconf 81' lang='lat' dir='ltr'>Paulus.</span> 
     </span>
     <span class='ocr_line' id='line_1_17' title="bbox 213 1219 1621 1263; baseline 0.003 -16"><span class='ocrx_word' id='word_1_135' title='bbox 213 1219 479 1257; x_wconf 69' lang='lat' dir='ltr'>repugnantibus</span> <span class='ocrx_word' id='word_1_136' title='bbox 514 1220 679 1251; x_wconf 79' lang='lat' dir='ltr'>militibus</span> <span class='ocrx_word' id='word_1_137' title='bbox 722 1221 827 1261; x_wconf 80' lang='lat' dir='ltr'>ipsius</span> <span class='ocrx_word' id='word_1_138' title='bbox 861 1228 994 1262; x_wconf 78' lang='lat' dir='ltr'>propter</span> <span class='ocrx_word' id='word_1_139' title='bbox 1036 1221 1199 1251; x_wconf 78' lang='lat' dir='ltr'>minorem</span> <span class='ocrx_word' id='word_1_140' title='bbox 1234 1222 1379 1263; x_wconf 83' lang='lat' dir='ltr'>praedam</span> <span class='ocrx_word' id='word_1_141' title='bbox 1416 1228 1447 1251; x_wconf 93' lang='lat' dir='ltr'>et</span> <span class='ocrx_word' id='word_1_142' title='bbox 1489 1227 1621 1251; x_wconf 83' lang='lat' dir='ltr'>contra—</span> 
     </span>
     <span class='ocr_line' id='line_1_18' title="bbox 212 1279 1619 1323; baseline 0.004 -16"><span class='ocrx_word' id='word_1_143' title='bbox 212 1279 343 1309; x_wconf 79' lang='lat' dir='ltr'>dicente</span> <span class='ocrx_word' id='word_1_144' title='bbox 370 1279 441 1311; x_wconf 86' lang='lat' dir='ltr'>Ser.</span> <span class='ocrx_word' id='word_1_145' title='bbox 471 1282 621 1322; x_wconf 82' lang='lat' dir='ltr'>Sulpicio</span> <span class='ocrx_word' id='word_1_146' title='bbox 649 1281 768 1320; x_wconf 85' lang='lat' dir='ltr'>Galba,</span> <span class='ocrx_word' id='word_1_147' title='bbox 812 1283 1027 1323; x_wconf 76' lang='lat' dir='ltr'>triumphavit</span> <span class='ocrx_word' id='word_1_148' title='bbox 1071 1289 1103 1314; x_wconf 86' lang='lat' dir='ltr'>et</span> <span class='ocrx_word' id='word_1_149' title='bbox 1130 1283 1255 1314; x_wconf 86' lang='lat' dir='ltr'>Persen</span> <span class='ocrx_word' id='word_1_150' title='bbox 1294 1293 1366 1314; x_wconf 89' lang='lat' dir='ltr'>cum</span> <span class='ocrx_word' id='word_1_151' title='bbox 1403 1283 1507 1314; x_wconf 78' lang='lat' dir='ltr'>tribus</span> <span class='ocrx_word' id='word_1_152' title='bbox 1543 1283 1619 1313; x_wconf 78' lang='lat' dir='ltr'>tiliis</span> 
     </span>
     <span class='ocr_line' id='line_1_19' title="bbox 211 1341 1620 1385; baseline 0.004 -16"><span class='ocrx_word' id='word_1_153' title='bbox 211 1341 307 1370; x_wconf 77' lang='lat' dir='ltr'>«inxit</span> <span class='ocrx_word' id='word_1_154' title='bbox 341 1349 416 1373; x_wconf 85' lang='lat' dir='ltr'>ante</span> <span class='ocrx_word' id='word_1_155' title='bbox 455 1352 599 1375; x_wconf 88' lang='lat' dir='ltr'>currum.</span> <span class='ocrx_word' id='word_1_156' title='bbox 652 1343 755 1375; x_wconf 86' lang='lat' dir='ltr'>Cuius</span> <span class='ocrx_word' id='word_1_157' title='bbox 788 1345 947 1385; x_wconf 85' lang='lat' dir='ltr'>triumphi</span> <span class='ocrx_word' id='word_1_158' title='bbox 980 1344 1096 1375; x_wconf 78' lang='lat' dir='ltr'>laetitia</span> <span class='ocrx_word' id='word_1_159' title='bbox 1127 1355 1167 1374; x_wconf 88' lang='lat' dir='ltr'>ne</span> <span class='ocrx_word' id='word_1_160' title='bbox 1200 1345 1309 1375; x_wconf 81' lang='lat' dir='ltr'>solida</span> <span class='ocrx_word' id='word_1_161' title='bbox 1341 1346 1368 1375; x_wconf 92' lang='lat' dir='ltr'>ei</span> <span class='ocrx_word' id='word_1_162' title='bbox 1401 1346 1620 1384; x_wconf 77' lang='lat' dir='ltr'>contingeret,</span> 
     </span>
     <span class='ocr_line' id='line_1_20' title="bbox 211 1402 1617 1447; baseline 0.003 -15"><span class='ocrx_word' id='word_1_163' title='bbox 211 1402 351 1434; x_wconf 68' lang='lat' dir='ltr'>*luorum</span> <span class='ocrx_word' id='word_1_164' title='bbox 367 1404 511 1436; x_wconf 88' lang='lat' dir='ltr'>filiorum</span> <span class='ocrx_word' id='word_1_165' title='bbox 528 1405 701 1437; x_wconf 79' lang='lat' dir='ltr'>funeribus</span> <span class='ocrx_word' id='word_1_166' title='bbox 717 1406 875 1445; x_wconf 79' lang='lat' dir='ltr'>insignita</span> <span class='ocrx_word' id='word_1_167' title='bbox 896 1414 957 1443; x_wconf 88' lang='lat' dir='ltr'>est,</span> <span class='ocrx_word' id='word_1_168' title='bbox 986 1416 1126 1447; x_wconf 78' lang='lat' dir='ltr'>quorum</span> <span class='ocrx_word' id='word_1_169' title='bbox 1151 1407 1286 1437; x_wconf 85' lang='lat' dir='ltr'>alterius</span> <span class='ocrx_word' id='word_1_170' title='bbox 1306 1417 1394 1438; x_wconf 86' lang='lat' dir='ltr'>mors</span> <span class='ocrx_word' id='word_1_171' title='bbox 1416 1407 1617 1447; x_wconf 87' lang='lat' dir='ltr'>triumphum</span> 
     </span>
     <span class='ocr_line' id='line_1_21' title="bbox 210 1464 1618 1505; baseline 0.004 -12"><span class='ocrx_word' id='word_1_172' title='bbox 210 1464 314 1503; x_wconf 81' lang='lat' dir='ltr'>patris</span> <span class='ocrx_word' id='word_1_173' title='bbox 339 1467 530 1505; x_wconf 79' lang='lat' dir='ltr'>praecessit‚</span> <span class='ocrx_word' id='word_1_174' title='bbox 568 1468 705 1498; x_wconf 83' lang='lat' dir='ltr'>alterins</span> <span class='ocrx_word' id='word_1_175' title='bbox 742 1477 857 1499; x_wconf 80' lang='lat' dir='ltr'>secuta</span> <span class='ocrx_word' id='word_1_176' title='bbox 889 1476 948 1499; x_wconf 86' lang='lat' dir='ltr'>est.</span> <span class='ocrx_word' id='word_1_177' title='bbox 999 1469 1155 1500; x_wconf 80' lang='lat' dir='ltr'>Lustrum</span> <span class='ocrx_word' id='word_1_178' title='bbox 1182 1479 1202 1499; x_wconf 87' lang='lat' dir='ltr'>a</span> <span class='ocrx_word' id='word_1_179' title='bbox 1229 1469 1422 1500; x_wconf 82' lang='lat' dir='ltr'>censoribus</span> <span class='ocrx_word' id='word_1_180' title='bbox 1449 1468 1618 1499; x_wconf 84' lang='lat' dir='ltr'>eonditum</span> 
     </span>
     <span class='ocr_line' id='line_1_22' title="bbox 211 1520 1619 1570; baseline 0.002 -14"><span class='ocrx_word' id='word_1_181' title='bbox 211 1532 274 1557; x_wconf 81' lang='lat' dir='ltr'>est:</span> <span class='ocrx_word' id='word_1_182' title='bbox 302 1536 402 1557; x_wconf 85' lang='lat' dir='ltr'>censa</span> <span class='ocrx_word' id='word_1_183' title='bbox 428 1536 505 1559; x_wconf 53' lang='lat' dir='ltr'>sunt,</span> <span class='ocrx_word' id='word_1_184' title='bbox 532 1530 649 1560; x_wconf 83' lang='lat' dir='ltr'>civium</span> <span class='ocrx_word' id='word_1_185' title='bbox 678 1530 787 1569; x_wconf 79' lang='lat' dir='ltr'>capita</span> <span class='ocrx_word' id='word_1_186' title='bbox 817 1520 974 1561; x_wconf 48' lang='lat' dir='ltr'>QUO-&gt;HI</span> <span class='ocrx_word' id='word_1_187' title='bbox 1003 1529 1171 1561; x_wconf 89' lang='lat' dir='ltr'>DCCCV.</span> <span class='ocrx_word' id='word_1_188' title='bbox 1223 1531 1359 1562; x_wconf 84' lang='lat' dir='ltr'>Prusias</span> <span class='ocrx_word' id='word_1_189' title='bbox 1374 1530 1540 1570; x_wconf 72' lang='lat' dir='ltr'>Bithyniae</span> <span class='ocrx_word' id='word_1_190' title='bbox 1563 1539 1619 1559; x_wconf 78' lang='lat' dir='ltr'>rex</span> 
     </span>
     <span class='ocr_line' id='line_1_23' title="bbox 212 1586 1619 1632; baseline 0.006 -16"><span class='ocrx_word' id='word_1_191' title='bbox 212 1586 365 1620; x_wconf 79' lang='lat' dir='ltr'>Romam.</span> <span class='ocrx_word' id='word_1_192' title='bbox 400 1595 435 1620; x_wconf 91' lang='lat' dir='ltr'>ut</span> <span class='ocrx_word' id='word_1_193' title='bbox 462 1591 591 1622; x_wconf 84' lang='lat' dir='ltr'>senatui</span> <span class='ocrx_word' id='word_1_194' title='bbox 620 1592 744 1630; x_wconf 78' lang='lat' dir='ltr'>gratias</span> <span class='ocrx_word' id='word_1_195' title='bbox 771 1599 888 1630; x_wconf 77' lang='lat' dir='ltr'>ageret</span> <span class='ocrx_word' id='word_1_196' title='bbox 913 1593 955 1623; x_wconf 89' lang='lat' dir='ltr'>ob</span> <span class='ocrx_word' id='word_1_197' title='bbox 983 1593 1157 1623; x_wconf 76' lang='lat' dir='ltr'>victoriam</span> <span class='ocrx_word' id='word_1_198' title='bbox 1185 1602 1225 1622; x_wconf 85' lang='lat' dir='ltr'>ex</span> <span class='ocrx_word' id='word_1_199' title='bbox 1253 1591 1454 1623; x_wconf 79' lang='lat' dir='ltr'>Macedonia</span> <span class='ocrx_word' id='word_1_200' title='bbox 1479 1597 1619 1632; x_wconf 62' lang='lat' dir='ltr'>partam„</span> 
     </span>
     <span class='ocr_line' id='line_1_24' title="bbox 210 1651 1603 1695; baseline 0.003 -16"><span class='ocrx_word' id='word_1_201' title='bbox 210 1651 297 1680; x_wconf 85' lang='lat' dir='ltr'>venit</span> <span class='ocrx_word' id='word_1_202' title='bbox 331 1658 363 1681; x_wconf 87' lang='lat' dir='ltr'>et</span> <span class='ocrx_word' id='word_1_203' title='bbox 389 1651 598 1684; x_wconf 79' lang='lat' dir='ltr'>Nicomeden</span> <span class='ocrx_word' id='word_1_204' title='bbox 633 1653 736 1683; x_wconf 84' lang='lat' dir='ltr'>filium</span> <span class='ocrx_word' id='word_1_205' title='bbox 773 1654 901 1684; x_wconf 81' lang='lat' dir='ltr'>senatui</span> <span class='ocrx_word' id='word_1_206' title='bbox 936 1654 1189 1684; x_wconf 79' lang='lat' dir='ltr'>connuendavit.</span> <span class='ocrx_word' id='word_1_207' title='bbox 1241 1654 1314 1684; x_wconf 81' lang='lat' dir='ltr'>Rex</span> <span class='ocrx_word' id='word_1_208' title='bbox 1349 1654 1468 1695; x_wconf 86' lang='lat' dir='ltr'>plenus</span> <span class='ocrx_word' id='word_1_209' title='bbox 1502 1652 1603 1683; x_wconf 81' lang='lat' dir='ltr'>adula</span> 
     </span>
    </p>
   </div>
   <div class='ocr_carea' id='block_1_5' title="bbox 209 1711 1034 1756">
    <p class='ocr_par' dir='ltr' id='par_1_5' title="bbox 209 1711 1034 1756">
     <span class='ocr_line' id='line_1_25' title="bbox 209 1711 1034 1756; baseline 0.008 -17"><span class='ocrx_word' id='word_1_210' title='bbox 209 1711 308 1742; x_wconf 56' lang='lat' dir='ltr'>rionis</span> <span class='ocrx_word' id='word_1_211' title='bbox 334 1712 489 1746; x_wconf 87' lang='lat' dir='ltr'>libertum</span> <span class='ocrx_word' id='word_1_212' title='bbox 519 1725 552 1745; x_wconf 84' lang='lat' dir='ltr'>se</span> <span class='ocrx_word' id='word_1_213' title='bbox 578 1715 690 1756; x_wconf 88' lang='lat' dir='ltr'>populi</span> <span class='ocrx_word' id='word_1_214' title='bbox 718 1715 863 1745; x_wconf 88' lang='lat' dir='ltr'>Romani</span> <span class='ocrx_word' id='word_1_215' title='bbox 890 1715 1034 1746; x_wconf 81' lang='lat' dir='ltr'>dicebat.</span> 
     </span>
    </p>
   </div>
   <div class='ocr_carea' id='block_1_6' title="bbox 746 1822 1078 1854">
    <p class='ocr_par' dir='ltr' id='par_1_6' title="bbox 746 1822 1078 1854">
     <span class='ocr_line' id='line_1_26' title="bbox 746 1822 1078 1854; baseline 0.003 -1"><span class='ocrx_word' id='word_1_216' title='bbox 746 1822 810 1853; x_wconf 87' lang='lat' dir='ltr'>EX</span> <span class='ocrx_word' id='word_1_217' title='bbox 837 1822 924 1853; x_wconf 88' lang='lat' dir='ltr'>LIB.</span> <span class='ocrx_word' id='word_1_218' title='bbox 953 1822 1078 1854; x_wconf 88' lang='lat' dir='ltr'>XLVI.</span> 
     </span>
    </p>
   </div>
   <div class='ocr_carea' id='block_1_7' title="bbox 206 1895 1617 2621">
    <p class='ocr_par' dir='ltr' id='par_1_7' title="bbox 206 1895 1617 2621">
     <span class='ocr_line' id='line_1_27' title="bbox 302 1895 1616 1940; baseline 0.004 -16"><span class='ocrx_word' id='word_1_219' title='bbox 302 1895 470 1928; x_wconf 84' lang='lat' dir='ltr'>Eumenes</span> <span class='ocrx_word' id='word_1_220' title='bbox 498 1909 555 1929; x_wconf 78' lang='lat' dir='ltr'>rex</span> <span class='ocrx_word' id='word_1_221' title='bbox 570 1899 713 1930; x_wconf 84' lang='lat' dir='ltr'>Romam</span> <span class='ocrx_word' id='word_1_222' title='bbox 742 1901 844 1937; x_wconf 76' lang='lat' dir='ltr'>venit,</span> <span class='ocrx_word' id='word_1_223' title='bbox 871 1900 925 1940; x_wconf 83' lang='lat' dir='ltr'>qui</span> <span class='ocrx_word' id='word_1_224' title='bbox 952 1900 1175 1930; x_wconf 87' lang='lat' dir='ltr'>Macedonico</span> <span class='ocrx_word' id='word_1_225' title='bbox 1201 1899 1291 1930; x_wconf 83' lang='lat' dir='ltr'>bello</span> <span class='ocrx_word' id='word_1_226' title='bbox 1318 1898 1464 1929; x_wconf 87' lang='lat' dir='ltr'>medium</span> <span class='ocrx_word' id='word_1_227' title='bbox 1492 1905 1616 1939; x_wconf 80' lang='lat' dir='ltr'>egerat.</span> 
     </span>
     <span class='ocr_line' id='line_1_28' title="bbox 208 1955 1616 1999; baseline 0.004 -14"><span class='ocrx_word' id='word_1_228' title='bbox 208 1955 258 1985; x_wconf 83' lang='lat' dir='ltr'>Ne</span> <span class='ocrx_word' id='word_1_229' title='bbox 295 1964 353 1987; x_wconf 82' lang='lat' dir='ltr'>ant</span> <span class='ocrx_word' id='word_1_230' title='bbox 390 1959 495 1991; x_wconf 85' lang='lat' dir='ltr'>hostis</span> <span class='ocrx_word' id='word_1_231' title='bbox 532 1961 700 1991; x_wconf 85' lang='lat' dir='ltr'>iudicatus</span> <span class='ocrx_word' id='word_1_232' title='bbox 726 1962 910 1999; x_wconf 85' lang='lat' dir='ltr'>videretur,</span> <span class='ocrx_word' id='word_1_233' title='bbox 954 1962 980 1992; x_wconf 88' lang='lat' dir='ltr'>si</span> <span class='ocrx_word' id='word_1_234' title='bbox 1027 1961 1184 1992; x_wconf 81' lang='lat' dir='ltr'>exclusus</span> <span class='ocrx_word' id='word_1_235' title='bbox 1222 1969 1325 1997; x_wconf 76' lang='lat' dir='ltr'>esset,</span> <span class='ocrx_word' id='word_1_236' title='bbox 1364 1966 1421 1991; x_wconf 83' lang='lat' dir='ltr'>aut</span> <span class='ocrx_word' id='word_1_237' title='bbox 1456 1959 1616 1990; x_wconf 83' lang='lat' dir='ltr'>liberatus</span> 
     </span>
     <span class='ocr_line' id='line_1_29' title="bbox 208 2017 1616 2062; baseline 0.004 -16"><span class='ocrx_word' id='word_1_238' title='bbox 208 2017 356 2050; x_wconf 55' lang='lat' dir='ltr'>vriinine.</span> <span class='ocrx_word' id='word_1_239' title='bbox 384 2020 409 2050; x_wconf 88' lang='lat' dir='ltr'>si</span> <span class='ocrx_word' id='word_1_240' title='bbox 437 2023 681 2059; x_wconf 70' lang='lat' dir='ltr'>admitteretur,</span> <span class='ocrx_word' id='word_1_241' title='bbox 708 2024 739 2054; x_wconf 91' lang='lat' dir='ltr'>in</span> <span class='ocrx_word' id='word_1_242' title='bbox 767 2033 943 2054; x_wconf 86' lang='lat' dir='ltr'>commune</span> <span class='ocrx_word' id='word_1_243' title='bbox 969 2023 1025 2053; x_wconf 82' lang='lat' dir='ltr'>lex</span> <span class='ocrx_word' id='word_1_244' title='bbox 1053 2023 1122 2053; x_wconf 83' lang='lat' dir='ltr'>lata</span> <span class='ocrx_word' id='word_1_245' title='bbox 1148 2028 1208 2059; x_wconf 85' lang='lat' dir='ltr'>est,</span> <span class='ocrx_word' id='word_1_246' title='bbox 1236 2032 1275 2053; x_wconf 91' lang='lat' dir='ltr'>ne</span> <span class='ocrx_word' id='word_1_247' title='bbox 1301 2023 1352 2052; x_wconf 79' lang='lat' dir='ltr'>eui</span> <span class='ocrx_word' id='word_1_248' title='bbox 1381 2022 1450 2062; x_wconf 85' lang='lat' dir='ltr'>regi</span> <span class='ocrx_word' id='word_1_249' title='bbox 1476 2022 1616 2053; x_wconf 83' lang='lat' dir='ltr'>Romam</span> 
     </span>
     <span class='ocr_line' id='line_1_30' title="bbox 207 2080 1617 2131; baseline 0.006 -25"><span class='ocrx_word' id='word_1_250' title='bbox 207 2080 318 2110; x_wconf 66' lang='lat' dir='ltr'>venire</span> <span class='ocrx_word' id='word_1_251' title='bbox 352 2081 477 2114; x_wconf 83' lang='lat' dir='ltr'>liceret.</span> <span class='ocrx_word' id='word_1_252' title='bbox 508 2083 693 2131; x_wconf 35' lang='lat' dir='ltr'>&#39;Claudius</span> <span class='ocrx_word' id='word_1_253' title='bbox 720 2085 903 2116; x_wconf 83' lang='lat' dir='ltr'>Marcellus</span> <span class='ocrx_word' id='word_1_254' title='bbox 940 2095 1008 2116; x_wconf 87' lang='lat' dir='ltr'>eos.</span> <span class='ocrx_word' id='word_1_255' title='bbox 1037 2085 1182 2126; x_wconf 85' lang='lat' dir='ltr'>Alpinos</span> <span class='ocrx_word' id='word_1_256' title='bbox 1209 2084 1347 2121; x_wconf 77' lang='lat' dir='ltr'>Gallos,</span> <span class='ocrx_word' id='word_1_257' title='bbox 1384 2083 1420 2114; x_wconf 87' lang='lat' dir='ltr'>C.</span> <span class='ocrx_word' id='word_1_258' title='bbox 1449 2082 1617 2124; x_wconf 80' lang='lat' dir='ltr'>Sulpicius</span> 
     </span>
     <span class='ocr_line' id='line_1_31' title="bbox 208 2141 1617 2187; baseline 0.002 -14"><span class='ocrx_word' id='word_1_259' title='bbox 208 2141 327 2173; x_wconf 78' lang='lat' dir='ltr'>Gallus</span> <span class='ocrx_word' id='word_1_260' title='bbox 361 2153 427 2175; x_wconf 85' lang='lat' dir='ltr'>eos.</span> <span class='ocrx_word' id='word_1_261' title='bbox 467 2146 609 2185; x_wconf 83' lang='lat' dir='ltr'>Ligures</span> <span class='ocrx_word' id='word_1_262' title='bbox 643 2148 787 2187; x_wconf 78' lang='lat' dir='ltr'>subegit.</span> <span class='ocrx_word' id='word_1_263' title='bbox 854 2147 973 2186; x_wconf 81' lang='lat' dir='ltr'>Legati</span> <span class='ocrx_word' id='word_1_264' title='bbox 1019 2146 1147 2177; x_wconf 72' lang='lat' dir='ltr'>Prusite</span> <span class='ocrx_word' id='word_1_265' title='bbox 1190 2146 1277 2185; x_wconf 82' lang='lat' dir='ltr'>regis</span> <span class='ocrx_word' id='word_1_266' title='bbox 1312 2145 1419 2186; x_wconf 85' lang='lat' dir='ltr'>questi</span> <span class='ocrx_word' id='word_1_267' title='bbox 1467 2151 1545 2176; x_wconf 86' lang='lat' dir='ltr'>sunt</span> <span class='ocrx_word' id='word_1_268' title='bbox 1577 2146 1617 2176; x_wconf 85' lang='lat' dir='ltr'>dc</span> 
     </span>
     <span class='ocr_line' id='line_1_32' title="bbox 207 2203 1616 2249; baseline 0.004 -16"><span class='ocrx_word' id='word_1_269' title='bbox 207 2203 376 2243; x_wconf 78' lang='lat' dir='ltr'>Eumene,</span> <span class='ocrx_word' id='word_1_270' title='bbox 418 2207 505 2246; x_wconf 84' lang='lat' dir='ltr'>quod</span> <span class='ocrx_word' id='word_1_271' title='bbox 533 2207 616 2238; x_wconf 84' lang='lat' dir='ltr'>fines</span> <span class='ocrx_word' id='word_1_272' title='bbox 653 2218 730 2239; x_wconf 82' lang='lat' dir='ltr'>suos</span> <span class='ocrx_word' id='word_1_273' title='bbox 763 2209 998 2249; x_wconf 74' lang='lat' dir='ltr'>popularetur,</span> <span class='ocrx_word' id='word_1_274' title='bbox 1041 2209 1265 2247; x_wconf 75' lang='lat' dir='ltr'>dixeruntque</span> <span class='ocrx_word' id='word_1_275' title='bbox 1297 2217 1372 2237; x_wconf 90' lang='lat' dir='ltr'>eum</span> <span class='ocrx_word' id='word_1_276' title='bbox 1407 2207 1616 2248; x_wconf 80' lang='lat' dir='ltr'>conspirasse</span> 
     </span>
     <span class='ocr_line' id='line_1_33' title="bbox 208 2267 1616 2311; baseline 0.004 -17"><span class='ocrx_word' id='word_1_277' title='bbox 208 2275 281 2295; x_wconf 63' lang='lat' dir='ltr'>vum</span> <span class='ocrx_word' id='word_1_278' title='bbox 315 2267 488 2298; x_wconf 77' lang='lat' dir='ltr'>Antiocho</span> <span class='ocrx_word' id='word_1_279' title='bbox 526 2270 683 2301; x_wconf 78' lang='lat' dir='ltr'>adversus</span> <span class='ocrx_word' id='word_1_280' title='bbox 720 2271 879 2311; x_wconf 87' lang='lat' dir='ltr'>populum</span> <span class='ocrx_word' id='word_1_281' title='bbox 918 2271 1119 2301; x_wconf 84' lang='lat' dir='ltr'>Romanum.</span> <span class='ocrx_word' id='word_1_282' title='bbox 1171 2268 1324 2301; x_wconf 84' lang='lat' dir='ltr'>Societas</span> <span class='ocrx_word' id='word_1_283' title='bbox 1364 2278 1436 2299; x_wconf 86' lang='lat' dir='ltr'>cum</span> <span class='ocrx_word' id='word_1_284' title='bbox 1474 2268 1616 2300; x_wconf 86' lang='lat' dir='ltr'>Rhodiis</span> 
     </span>
     <span class='ocr_line' id='line_1_34' title="bbox 207 2327 1615 2368; baseline 0.004 -12"><span class='ocrx_word' id='word_1_285' title='bbox 207 2327 465 2367; x_wconf 78' lang='lat' dir='ltr'>deprecantibus</span> <span class='ocrx_word' id='word_1_286' title='bbox 493 2331 608 2362; x_wconf 83' lang='lat' dir='ltr'>iuncta</span> <span class='ocrx_word' id='word_1_287' title='bbox 647 2337 707 2362; x_wconf 83' lang='lat' dir='ltr'>est.</span> <span class='ocrx_word' id='word_1_288' title='bbox 759 2331 914 2363; x_wconf 85' lang='lat' dir='ltr'>Lustrum</span> <span class='ocrx_word' id='word_1_289' title='bbox 943 2342 962 2362; x_wconf 85' lang='lat' dir='ltr'>a</span> <span class='ocrx_word' id='word_1_290' title='bbox 989 2332 1184 2363; x_wconf 87' lang='lat' dir='ltr'>censoribus</span> <span class='ocrx_word' id='word_1_291' title='bbox 1220 2331 1390 2361; x_wconf 90' lang='lat' dir='ltr'>conditum</span> <span class='ocrx_word' id='word_1_292' title='bbox 1418 2336 1483 2368; x_wconf 82' lang='lat' dir='ltr'>est3</span> <span class='ocrx_word' id='word_1_293' title='bbox 1515 2339 1615 2362; x_wconf 85' lang='lat' dir='ltr'>censa</span> 
     </span>
     <span class='ocr_line' id='line_1_35' title="bbox 208 2383 1615 2436; baseline 0.004 -19"><span class='ocrx_word' id='word_1_294' title='bbox 208 2394 286 2419; x_wconf 75' lang='lat' dir='ltr'>sunt</span> <span class='ocrx_word' id='word_1_295' title='bbox 311 2390 432 2421; x_wconf 78' lang='lat' dir='ltr'>civium</span> <span class='ocrx_word' id='word_1_296' title='bbox 468 2394 580 2434; x_wconf 80' lang='lat' dir='ltr'>capita</span> <span class='ocrx_word' id='word_1_297' title='bbox 606 2383 870 2426; x_wconf 54' lang='lat' dir='ltr'>&amp;Effxxxt&#39;ss</span> <span class='ocrx_word' id='word_1_298' title='bbox 895 2394 1016 2432; x_wconf 81' lang='lat' dir='ltr'>XX113</span> <span class='ocrx_word' id='word_1_299' title='bbox 1043 2395 1197 2436; x_wconf 90' lang='lat' dir='ltr'>princeps</span> <span class='ocrx_word' id='word_1_300' title='bbox 1223 2399 1357 2423; x_wconf 84' lang='lat' dir='ltr'>senatus</span> <span class='ocrx_word' id='word_1_301' title='bbox 1383 2392 1432 2425; x_wconf 90' lang='lat' dir='ltr'>M.</span> <span class='ocrx_word' id='word_1_302' title='bbox 1458 2392 1615 2423; x_wconf 87' lang='lat' dir='ltr'>AEmilius</span> 
     </span>
     <span class='ocr_line' id='line_1_36' title="bbox 208 2451 1615 2498; baseline 0.004 -18"><span class='ocrx_word' id='word_1_303' title='bbox 208 2451 365 2492; x_wconf 83' lang='lat' dir='ltr'>Lepidus.</span> <span class='ocrx_word' id='word_1_304' title='bbox 416 2453 621 2487; x_wconf 86' lang='lat' dir='ltr'>Ptolemaeus</span> <span class='ocrx_word' id='word_1_305' title='bbox 635 2457 776 2498; x_wconf 77' lang='lat' dir='ltr'>AEgypti</span> <span class='ocrx_word' id='word_1_306' title='bbox 796 2466 866 2495; x_wconf 76' lang='lat' dir='ltr'>rex,</span> <span class='ocrx_word' id='word_1_307' title='bbox 892 2456 1009 2498; x_wconf 86' lang='lat' dir='ltr'>pulsus</span> <span class='ocrx_word' id='word_1_308' title='bbox 1036 2466 1139 2496; x_wconf 81' lang='lat' dir='ltr'>regno</span> <span class='ocrx_word' id='word_1_309' title='bbox 1169 2465 1187 2485; x_wconf 80' lang='lat' dir='ltr'>a</span> <span class='ocrx_word' id='word_1_310' title='bbox 1210 2455 1339 2485; x_wconf 86' lang='lat' dir='ltr'>minore</span> <span class='ocrx_word' id='word_1_311' title='bbox 1365 2453 1478 2491; x_wconf 82' lang='lat' dir='ltr'>fratre,</span> <span class='ocrx_word' id='word_1_312' title='bbox 1504 2455 1615 2486; x_wconf 85' lang='lat' dir='ltr'>missis</span> 
     </span>
     <span class='ocr_line' id='line_1_37' title="bbox 207 2514 1615 2558; baseline 0.003 -15"><span class='ocrx_word' id='word_1_313' title='bbox 207 2514 248 2543; x_wconf 84' lang='lat' dir='ltr'>ad</span> <span class='ocrx_word' id='word_1_314' title='bbox 283 2523 358 2545; x_wconf 90' lang='lat' dir='ltr'>eum</span> <span class='ocrx_word' id='word_1_315' title='bbox 396 2515 516 2556; x_wconf 82' lang='lat' dir='ltr'>legatis</span> <span class='ocrx_word' id='word_1_316' title='bbox 552 2519 724 2550; x_wconf 88' lang='lat' dir='ltr'>restitutus</span> <span class='ocrx_word' id='word_1_317' title='bbox 759 2525 818 2550; x_wconf 87' lang='lat' dir='ltr'>est.</span> <span class='ocrx_word' id='word_1_318' title='bbox 877 2518 1058 2549; x_wconf 85' lang='lat' dir='ltr'>Ariarathe</span> <span class='ocrx_word' id='word_1_319' title='bbox 1095 2516 1317 2558; x_wconf 82' lang='lat' dir='ltr'>Cappadociae</span> <span class='ocrx_word' id='word_1_320' title='bbox 1354 2525 1431 2556; x_wconf 86' lang='lat' dir='ltr'>rege</span> <span class='ocrx_word' id='word_1_321' title='bbox 1470 2522 1615 2557; x_wconf 83' lang='lat' dir='ltr'>mortuo,</span> 
     </span>
     <span class='ocr_line' id='line_1_38' title="bbox 206 2575 1614 2621; baseline 0.004 -17"><span class='ocrx_word' id='word_1_322' title='bbox 206 2575 293 2607; x_wconf 73' lang='lat' dir='ltr'>tilius</span> <span class='ocrx_word' id='word_1_323' title='bbox 339 2577 409 2608; x_wconf 89' lang='lat' dir='ltr'>eius</span> <span class='ocrx_word' id='word_1_324' title='bbox 448 2580 646 2611; x_wconf 85' lang='lat' dir='ltr'>Ariarathes</span> <span class='ocrx_word' id='word_1_325' title='bbox 683 2590 821 2619; x_wconf 79' lang='lat' dir='ltr'>regnum</span> <span class='ocrx_word' id='word_1_326' title='bbox 876 2581 1007 2621; x_wconf 86' lang='lat' dir='ltr'>aceepit</span> <span class='ocrx_word' id='word_1_327' title='bbox 1050 2585 1083 2609; x_wconf 89' lang='lat' dir='ltr'>et</span> <span class='ocrx_word' id='word_1_328' title='bbox 1130 2578 1313 2609; x_wconf 82' lang='lat' dir='ltr'>amicitiam</span> <span class='ocrx_word' id='word_1_329' title='bbox 1366 2588 1441 2609; x_wconf 89' lang='lat' dir='ltr'>cum</span> <span class='ocrx_word' id='word_1_330' title='bbox 1489 2578 1614 2619; x_wconf 83' lang='lat' dir='ltr'>populo</span> 
     </span>
    </p>
   </div>
   <div class='ocr_carea' id='block_1_8' title="bbox 210 2639 1615 2682">
    <p class='ocr_par' dir='ltr' id='par_1_8' title="bbox 210 2639 1615 2682">
     <span class='ocr_line' id='line_1_39' title="bbox 210 2639 1615 2682; baseline 0.001 -13"><span class='ocrx_word' id='word_1_331' title='bbox 210 2639 359 2669; x_wconf 67' lang='lat' dir='ltr'>Romano</span> <span class='ocrx_word' id='word_1_332' title='bbox 395 2650 454 2681; x_wconf 85' lang='lat' dir='ltr'>per</span> <span class='ocrx_word' id='word_1_333' title='bbox 488 2641 618 2680; x_wconf 72' lang='lat' dir='ltr'>legatos</span> <span class='ocrx_word' id='word_1_334' title='bbox 658 2643 837 2673; x_wconf 76' lang='lat' dir='ltr'>renovavit.</span> <span class='ocrx_word' id='word_1_335' title='bbox 892 2642 960 2674; x_wconf 87' lang='lat' dir='ltr'>Res</span> <span class='ocrx_word' id='word_1_336' title='bbox 1002 2648 1161 2682; x_wconf 67' lang='lat' dir='ltr'>praetewa</span> <span class='ocrx_word' id='word_1_337' title='bbox 1205 2641 1364 2671; x_wconf 85' lang='lat' dir='ltr'>adversus</span> <span class='ocrx_word' id='word_1_338' title='bbox 1399 2640 1540 2679; x_wconf 82' lang='lat' dir='ltr'>Ligures</span> <span class='ocrx_word' id='word_1_339' title='bbox 1583 2647 1615 2670; x_wconf 90' lang='lat' dir='ltr'>et</span> 
     </span>
    </p>
   </div>
  </div>
 </body>
</html>
