1742 2902
463 106 566 138 Liber
590 106 700 138 XLII.
753 109 814 147 (A.
844 107 920 139 Chr.
954 107 1048 147 171.)
1358 109 1406 144 93

788 209 808 223 Χ

160 229 314 265 Paucos
348 236 436 265 ante
466 230 546 266 dies
577 232 755 275 PerseuS,
785 238 990 278 postquam
1025 230 1140 279 legati
1171 230 1220 265 ab
1251 230 1377 266 Roma
1406 241 1464 265 re-

48 297 169 348 gressi
186 298 437 345 praeciderant
457 312 562 348 spem
578 301 698 350 pacis.
723 299 921 336 consilium
949 299 1094 336 habuit.
1153 298 1212 334 Ibi
1231 298 1465 345 aliquamdiu

49 367 209 404 diversis
240 368 434 405 sententiis
465 377 649 406 certatum
682 376 750 406 est.
810 370 945 414 Erant,
981 370 1117 417 quibus
1148 368 1208 403 vel
1237 367 1463 416 stipendium
1498 371 1519 405 2

43 437 292 486 pendendum,
325 437 356 472 si
388 437 665 485 iniungerctur,
695 439 757 475 vel
787 439 871 487 agri
905 446 1013 486 parte
1043 438 1274 480 cedendum,
1305 437 1337 472 si
1368 437 1466 472 mul-

35 511 191 551 tarent,
234 506 420 553 quidquid
458 507 621 555 denique
655 509 758 544 aliud
803 509 909 556 pacis
943 504 1059 543 causa
1101 507 1320 556 patiendum
1356 512 1470 550 esset,

48 588 123 612 non
162 576 414 611 recusandum
456 577 665 623 videretur,
706 591 774 614 nec
814 579 1149 623 committendum,
1187 584 1227 612 ut
1267 577 1303 612 in
1343 576 1466 612 aleam

48 645 142 681 tanti
177 657 288 681 casus
319 657 360 681 se
389 657 626 694 regnumque
656 647 777 685 daret.
838 647 879 684 Si
916 648 1108 696 possessio
1146 646 1249 683 haud
1286 645 1467 693 ambigua
1500 670 1506 679 .

48 714 154 762 regni
179 722 361 759 maneret,
386 716 504 751 multa
526 717 624 752 diem
648 724 875 764 tempusque
897 718 1049 754 adferre
1079 729 1204 765 posse,
1236 716 1371 763 quibus
1392 727 1467 750 non

49 784 190 820 amissa
218 785 332 820 modo
355 786 581 834 reciperare,
612 787 676 822 sed
700 787 889 822 timendus
918 788 1016 823 ultro
1049 788 1094 823 iis
1116 799 1211 829 esse,
1243 797 1339 833 quos
1370 796 1468 820 nunc

48 853 209 899 timeret,
240 861 381 902 posset.
441 854 618 891 Ceterum
644 856 762 892 multo
794 856 916 892 maior
945 867 1034 903 pars
1055 854 1253 891 ferocioris
1274 855 1469 890 sententiae

49 930 142 960 erat.
203 923 398 972 Quidquid
430 925 618 970 cessisset,
648 938 732 961 cum
762 938 807 961 eo
838 915 951 961 simul
980 936 1098 972 regno
1129 925 1302 972 protinus
1333 924 1468 959 ceden-

48 992 136 1029 dum
178 1005 281 1037 esse,
322 994 590 1030 adfirmabant.
650 995 789 1043 Neque
827 996 924 1031 enim
966 995 1165 1030 Romanos
1202 994 1364 1042 pecunia
1404 999 1471 1028 aut

47 1075 142 1111 agro
174 1075 309 1111 egere,
341 1064 407 1100 sed
437 1065 511 1100 hoc
540 1065 658 1109 scire,
689 1077 774 1100 cum
807 1064 935 1100 omnia
967 1065 1155 1108 humana,
1185 1070 1266 1099 tum
1300 1062 1470 1098 maxima

47 1145 208 1181 quaeque
240 1139 276 1169 et
306 1146 426 1181 regna
456 1140 492 1169 et
522 1134 684 1182 imperia
715 1135 784 1171 sub
815 1135 968 1171 casibus
1000 1135 1126 1171 multis
1152 1145 1245 1169 esse.
1307 1130 1470 1168 Cartha-

46 1203 271 1252 giniensium
305 1216 398 1250 opes
428 1203 588 1251 fregisse
619 1217 703 1242 sese
734 1213 769 1242 et
800 1205 1012 1241 cervicibus
1043 1216 1172 1240 eorum
1196 1208 1468 1250 praepotentem

45 1273 244 1309 finitimum
295 1286 422 1321 regem
472 1274 706 1322 inposuisse;
758 1275 994 1312 Antiochum
1043 1273 1343 1321 progeniemque
1391 1271 1470 1307 eius

47 1342 147 1379 ultra
178 1343 269 1391 iuga
299 1344 421 1380 Tauri
451 1351 631 1380 emotum.
691 1346 819 1383 Unum
855 1355 937 1380 esse
970 1342 1208 1378 Macedoniae
1242 1354 1400 1390 regnum
1433 1346 1470 1377 et

46 1413 203 1460 regione
244 1413 468 1461 propincum
511 1420 546 1450 et
594 1414 717 1462 quod,
755 1414 875 1450 sicubi
905 1413 1048 1462 populo
1079 1414 1257 1449 Romano
1288 1424 1358 1447 sua
1386 1410 1466 1447 for-

47 1488 139 1518 tuna.
168 1482 282 1523 labet,
315 1484 492 1530 antiquos
523 1485 672 1520 animos
702 1484 856 1531 regibus
879 1483 956 1518 suis
988 1482 1164 1517 videatur
1191 1494 1304 1530 posse
1326 1481 1465 1517 facere.

47 1552 150 1588 Dum
174 1552 330 1600 integrae
350 1565 408 1589 res
429 1555 510 1597 sint,
533 1560 691 1590 statuere
711 1561 803 1602 aput
827 1553 995 1589 animum
1016 1563 1126 1587 suum
1150 1552 1293 1588 Persea
1315 1551 1466 1596 debere,

48 1627 173 1658 utrum
211 1622 361 1670 singula
405 1623 648 1660 concedendo
695 1624 861 1659 nudatus
900 1623 949 1658 ad
989 1629 1200 1658 extremum
1232 1621 1369 1670 opibus
1401 1634 1466 1656 ex-

48 1691 238 1739 torrisque
276 1703 395 1739 regno
435 1693 743 1731 Samothraciam
779 1693 944 1729 aliamve
986 1705 1101 1740 quam
1132 1692 1296 1727 insulam
1338 1698 1467 1739 petere

49 1761 97 1797 ab
128 1762 332 1804 Romanis,
370 1763 435 1798 ubi
464 1763 638 1811 privatus
675 1770 868 1812 superstes
908 1775 1027 1811 regno
1068 1773 1137 1797 suo
1176 1762 1213 1797 in
1247 1767 1467 1809 contemptu

49 1831 174 1878 adque
203 1831 334 1879 inopia
364 1840 632 1878 consenescat,
673 1833 800 1876 malit,
841 1845 890 1868 an
928 1839 1098 1868 armatus
1133 1831 1275 1867 vindex
1304 1830 1468 1867 fortunae

50 1899 321 1949 dignitatisque
350 1913 428 1937 suae
458 1908 535 1947 aut,
567 1908 608 1938 ut
638 1903 722 1939 viro
753 1902 844 1939 forti
865 1902 1021 1950 dignum
1042 1902 1102 1945 sit,
1132 1901 1315 1949 patiatur,
1346 1901 1467 1949 quod-

49 2097 89 2136 L,
115 2098 147 2135 1,
177 2102 190 2129 1
221 2099 262 2129 ab
289 2108 384 2129 roma
405 2099 581 2138 praegressi
607 2098 823 2139 praeciderint
856 2108 915 2138 spe
940 2097 1058 2138 paucis
1109 2101 1126 2126 2
1155 2096 1303 2136 aliquam
1326 2096 1467 2127 diuersis

51 2154 161 2198 Sigon.
212 2156 244 2193 2,
268 2160 280 2186 1
305 2161 375 2186 erat
397 2156 403 2195 Ι
425 2156 627 2196 stipendium
648 2155 674 2186 si
695 2156 927 2194 iniungeretur
977 2158 995 2185 3
1015 2155 1161 2192 den³que
1180 2155 1221 2184 ad
1241 2154 1332 2184 aliud
1351 2154 1467 2194 paucis

52 2222 154 2245 eausa
203 2217 223 2244 4
248 2220 285 2244 ut
310 2214 342 2243 in
369 2213 437 2243 alia
463 2213 547 2243 tanti
601 2212 634 2249 3,
664 2217 675 2244 1
708 2214 734 2243 si
759 2213 906 2253 possessi
933 2218 992 2242 aut
1013 2211 1175 2251 ambigua
1224 2215 1243 2241 3
1270 2211 1360 2242 ultro
1386 2211 1468 2242 isset

52 2279 135 2311 quos
183 2270 215 2308 5,
243 2275 261 2301 2
288 2280 387 2309 agros
410 2271 415 2310 Ι
439 2272 584 2301 maxime
614 2269 700 2312 (Cfr.
721 2270 793 2302 Em.
811 2270 950 2308 53311.)
1000 2269 1032 2306 6,
1061 2273 1079 2299 2
1107 2269 1262 2299 ceruibus
1312 2272 1330 2299 3
1358 2269 1466 2299 antio-

51 2337 126 2358 cum
186 2332 206 2358 4
230 2328 311 2368 iuga
337 2329 570 2359 turiei-motum
601 2328 700 2360 Gron.
726 2328 849 2370 (Gryn.
879 2327 980 2358 Tauri
1008 2326 1187 2363 remotum)
1242 2325 1274 2362 7,
1302 2329 1314 2356 1
1345 2335 1466 2356 macae-

53 2383 161 2415 doniae
228 2388 246 2415 2
282 2386 450 2424 regionem
497 2386 502 2424 Ι
548 2392 581 2416 et
617 2388 706 2426 quod
739 2387 817 2426 quia
847 2385 956 2416 sictibi
989 2395 1020 2424 p.
1056 2394 1081 2414 r.
1118 2393 1179 2414 sua
1217 2383 1273 2424 (F.
1310 2388 1342 2413 ct
1376 2383 1467 2423 quod

53 2441 190 2482 opibus,
228 2442 349 2481 sicubi)
423 2446 442 2473 3
482 2443 660 2473 uidebatur
750 2443 790 2480 8,
822 2447 833 2473 ι
877 2443 955 2472 dum
983 2442 1121 2480 integrae
1148 2446 1230 2482 aput
1267 2440 1387 2482 (Gt-yn.
1415 2441 1465 2471 in-

52 2501 154 2537 tegrae
179 2509 231 2531 res
256 2500 347 2540 apud
364 2500 508 2541 apposito
527 2501 689 2532 asterisco.
743 2499 940 2541 Supplerunt
965 2497 1074 2540 Sz'yon.
1102 2504 1132 2529 et
1150 2489 1338 2537 Drakenb.)
1363 2498 1367 2539 Ι
1390 2507 1466 2528 sum

53 2557 73 2586 3
90 2558 326 2588 samotraciam
376 2561 396 2588 4
415 2565 568 2599 supertes
589 2557 594 2600 Ι
617 2564 778 2589 contentu
826 2557 858 2595 9,
882 2561 893 2588 1
912 2561 1133 2588 consenescat
1148 2555 1303 2586 militaria
1316 2561 1465 2586 armatus

55 2614 74 2641 2
100 2617 158 2643 aut
182 2614 256 2645 uiro
281 2614 359 2645 forti
386 2614 518 2656 Kreyss.
547 2615 666 2657 (Gryn.
694 2625 774 2653 suae,
800 2615 849 2646 ita
876 2620 912 2645 ut
936 2614 1028 2654 uiro)

1524 225 1577 271 50
