1753 2934
464 139 564 170 Liber
589 139 697 170 XLV.
749 141 806 172 (A.
830 139 906 171 Chr.
940 142 1028 172 1638.)
1317 141 1385 175 ’221

1418 235 1425 248 x

49 261 179 310 inopia
208 268 300 298 erat.
368 262 440 298 His
479 273 562 297 cum
600 261 718 297 laetari
754 262 986 298 Antiochum
1027 263 1254 298 conveniens
1283 268 1393 305 esset,
1422 262 1452 297 si

50 332 279 369 redducendi
310 332 388 367 eius
420 344 537 367 causa
564 331 769 368 exercitum
791 332 1005 380 sligyptum
1030 332 1249 375 induxisset,
1272 344 1347 379 quo
1367 343 1453 380 spe-

51 403 155 438 cioso
187 402 294 438 titulo
325 402 373 438 ad
413 414 543 438 omnes
575 401 679 438 Asiae
715 407 752 436 et
782 400 941 438 Graeciae
980 403 1171 446 civitates,
1201 402 1454 450 legationibus

51 472 274 520 recipiendis
303 471 512 519 litterisque
543 471 786 509 dimittendi&
816 484 906 507 usus
937 480 1030 508 crat.
1062 472 1158 507 adeo
1190 479 1245 508 est
1275 471 1454 514 offensus,

51 547 93 578 ut
122 541 240 577 multo
274 541 397 577 acrius
428 541 676 589 infestiusque
707 542 891 577 adversus
923 542 1018 578 duos
1053 554 1166 589 quam
1202 549 1289 577 ante
1319 543 1454 577 adver-

51 623 115 647 sus
155 624 268 646 unum
312 618 466 659 pararet
499 612 650 648 bellurn.
717 611 886 660 Cyprum
918 611 1109 660 extemplo
1141 611 1298 647 classem
1334 612 1455 657 misit;

51 682 132 730 ipse
162 682 284 730 primo
315 695 405 718 vere
435 695 517 718 cum
550 681 717 718 exerc-itu
738 683 952 731 AEgyptum
984 689 1127 730 petens.
1158 682 1193 717 in
1224 681 1352 718 Coelen
1384 683 1455 732 Sy-

52 752 147 788 riam
178 752 373 799 processit.
435 751 550 788 Circa
582 753 843 788 Rhinocolura
873 753 1069 789 Ptolemaei
1102 753 1235 800 legatis
1257 753 1456 799 agentibus

52 822 208 871 gratias,
239 822 341 869 quod
370 835 438 870 per
470 835 554 858 eum
585 834 741 870 regnum
774 823 936 870 patrium
969 823 1194 871 recepisset,
1225 823 1457 871 petentibus·

54 905 139 940 que,
168 899 209 927 ut
229 904 337 927 suum
362 904 496 927 munus
517 899 684 928 tueretur
714 899 750 928 et
771 893 909 929 diceret
932 894 1071 942 potius,
1103 893 1191 940 quid
1222 893 1302 928 fieri
1333 892 1458 934 vellet,

55 976 182 1011 quam,
212 962 331 998 hostis
362 975 409 998 ex
430 946 534 998 socio
556 962 691 1005 factus,
720 963 757 997 vi
786 962 911 1010 adque
933 964 1047 999 armis
1079 971 1220 1012 ageret,
1250 962 1457 1010 respondit,

54 1046 130 1070 non
160 1033 269 1069 aliter
299 1045 422 1079 neque
452 1032 609 1068 classem
632 1039 898 1068 revocaturum
920 1047 1042 1082 neque
1064 1033 1269 1070 exercitum
1299 1031 1459 1067 redduc-

54 1109 200 1145 turum,
238 1102 309 1137 nisi
341 1103 412 1138 sibi
443 1109 479 1138 et
511 1110 592 1138 tota
622 1101 750 1150 Cypro
781 1109 817 1138 et
847 1103 1001 1139 Pelusio
1032 1115 1222 1152 agroque,
1265 1102 1329 1150 qui
1359 1102 1460 1137 circa

55 1173 294 1210 Pelusiacum
337 1173 474 1208 ostium
504 1172 584 1209 Nili
622 1179 741 1214 esset„
785 1173 1000 1212 cederetur:
1044 1174 1220 1221 diemque
1249 1172 1459 1221 praestituit,

55 1242 155 1280 intra
185 1257 298 1292 quam
330 1244 377 1279 de
407 1243 691 1279 condicionibus
722 1243 884 1291 peractis
921 1256 1144 1292 responsum
1176 1245 1376 1292 acciperet.

166 1315 378 1362 Postquam
421 1313 500 1349 dies
546 1313 637 1348 data
680 1313 834 1349 indutiis
880 1314 1082 1362 praeteriit,
1126 1311 1147 1330 *
1191 1313 1460 1361 navigantibus

59 1385 156 1420 ostio
185 1385 264 1421 Nili
295 1384 343 1419 ad
374 1383 581 1425 Pelusium,
611 1395 679 1430 per
709 1383 858 1419 deserta
889 1385 1046 1421 Arabiae
1076 1386 1136 1406 *³*
1172 1384 1219 1420 ad
1250 1382 1460 1431 Memphim

60 1454 298 1497 incolebant,
343 1459 379 1489 ct
408 1453 456 1489 ab
487 1453 620 1489 ceteris
646 1453 866 1501 AEgyptiis‚
904 1455 1042 1503 partim
1074 1455 1282 1497 voluntate,
1322 1452 1460 1501 partim

60 1531 175 1566 metu,
206 1524 255 1559 ad
276 1523 560 1560 Alexandream
593 1523 751 1559 modicis
781 1524 977 1561 itineribus
1008 1525 1210 1561 descendit.
1261 1524 1325 1560 Ad
1348 1523 1462 1559 Eleu-

61 1591 179 1629 sinem
219 1599 457 1641 transgresso
486 1595 644 1636 flumen,
680 1594 744 1641 qui
780 1594 886 1630 locus
920 1602 1101 1642 quattuor
1131 1595 1234 1630 milia
1264 1594 1312 1629 ab
1343 1593 1464 1630 Alex-

62 1663 206 1699 andrea
235 1663 364 1699 abest.
410 1664 526 1712 legati
558 1664 724 1699 Romani
760 1672 1015 1701 occurrerunt.
1088 1664 1195 1712 Quos
1233 1676 1317 1700 cum
1349 1663 1464 1699 adve-

61 1732 205 1768 nientes
239 1731 463 1775 salutasset,
503 1732 755 1781 dextramque
795 1734 948 1783 Popilio
989 1735 1212 1783 porrigeret,
1242 1733 1401 1770 tabellas
1432 1733 1466 1769 ei

61 1801 234 1850 Popilius
263 1807 409 1837 senatus
437 1803 635 1839 consultum
668 1804 849 1852 scriptum
880 1805 1064 1840 habentes
1090 1804 1206 1840 tradit
1230 1804 1355 1852 adque
1384 1817 1465 1840 om-

61 2012 96 2049 8,
127 2016 140 2043 l
179 2013 206 2044 is
233 2022 307 2043 cum
333 2013 337 2054 j
363 2013 557 2043 anthiocum
588 2017 590 2053 ᾗ
624 2014 921 2045 essetiretducendi
1000 2019 1019 2044 2
1046 2016 1134 2056 quod
1206 2019 1225 2045 3
1260 2015 1366 2046 omnis
1391 2023 1468 2055 spe-

65 2071 115 2102 cie
153 2076 185 2101 et.
224 2071 355 2111 graeciae
427 2075 447 2101 4
483 2072 753 2112 recipiendisque
789 2072 908 2103 litteris
987 2077 1004 2103 5
1045 2080 1076 2103 et
1113 2074 1217 2104 multo
1288 2073 1321 2110 9,
1350 2077 1368 2103 2
1395 2073 1468 2113 ipso

63 2129 172 2170 primo
209 2128 214 2170 Ι
252 2129 434 2159 exercitum
508 2128 572 2169 10,
610 2133 622 2159 l
671 2130 861 2160 rinocarala
908 2131 1064 2170 ptolomei
1110 2131 1252 2170 legantis
1355 2135 1374 2161 3
1403 2130 1466 2170 (H.

65 2187 217 2227 ueretur)
285 2190 305 2216 4
330 2187 448 2218 hostiis
473 2197 516 2218 ex
540 2188 654 2227 poscio
677 2188 681 2226 Ι
704 2197 803 2227 agere
864 2188 917 2227 11,
946 2193 964 2218 2
992 2195 1062 2219 toto
1130 2193 1149 2219 3
1180 2188 1325 2220 hostium
1351 2189 1434 2219 nihil
1462 2204 1465 2229 Ι

66 2245 199 2275 cederet
223 2243 389 2275 Bet-lmus
465 2244 545 2282 XII,
574 2245 604 2282 1,
635 2249 648 2276 l
679 2251 711 2275 et
739 2254 915 2286 postquam
951 2247 956 2284 ί
989 2247 1138 2287 praetcrit
1201 2251 1218 2277 2
1245 2247 1358 2277 hostio
1384 2246 1468 2277 nihil

67 2299 333 2341 ldese1·ta1·abiae
371 2302 468 2344 Gryn.
503 2302 656 2334 stellulam
694 2304 850 2344 apposuit.
904 2302 1093 2335 Sententiam
1125 2305 1236 2345 inte-cyri
1265 2304 1327 2335 loci
1363 2304 1470 2335 huius-

66 2359 153 2391 modi
179 2360 286 2401 sitisse
323 2359 382 2391 alii
413 2359 621 2391 adnotarunt:
666 2362 842 2393 maritimis
876 2363 980 2403 copiis
1009 2364 1246 2402 navigantibus
1281 2363 1367 2394 ostio
1402 2362 1470 2393 Nili

68 2419 110 2448 ad
135 2417 188 2456 P„
222 2419 292 2459 ipse
325 2428 385 2459 per
417 2420 550 2450 deserta
577 2420 634 2450 Ar.
675 2419 846 2459 ingressus
872 2420 1060 2461 AEgyptum
1087 2427 1306 2462 receptusque
1339 2422 1382 2452 ab
1416 2422 1468 2458 iis,

70 2487 125 2527 qui
150 2488 192 2518 ad
219 2487 266 2519 M.
293 2493 360 2519 cett.
433 2488 466 2524 2,
492 2492 511 2519 2
540 2488 605 2528 (Η.
633 2476 776 2529 etaegab
802 2490 938 2529 ceteris)
1011 2494 1030 2521 3
1056 2491 1098 2521 ab
1125 2491 1362 2522 alexandream
1385 2490 1390 2528 Ι
1413 2491 1471 2521 de-

70 2546 241 2576 scenditur
287 2545 320 2583 3,
351 2549 363 2576 1
393 2546 437 2576 ad
461 2546 647 2577 leunsinem
679 2546 840 2578 Turnebus
868 2546 988 2589 (Gryn.
1009 2550 1051 2579 ad
1069 2549 1267 2589 Leusinem)
1316 2549 1349 2586 4,
1376 2553 1389 2580 1
1412 2550 1470 2580 ad-

69 2603 217 2633 uenienti
255 2603 260 2644 fl
296 2603 510 2644 polliceretur
543 2605 671 2636 abenas
745 2609 763 2635 3
801 2605 1111 2648 popiliusscriptum
1144 2607 1300 2642 habentis
1331 2607 1473 2638 traditur

72 2658 329 2702 Schweiylziiuser
357 2667 431 2703 post
458 2661 556 2704 Gryn.
584 2663 719 2703 (tradit)
745 2669 772 2694 et
805 2663 950 2695 Ursinum
978 2665 1022 2705 (s.
1050 2674 1078 2696 c.
1105 2665 1286 2705 habentes)

1494 1035 1507 1068 1

1493 1385 1513 1419 [Q

1516 754 1537 787 Ο

1521 1035 1534 1069 1

1521 1309 1571 1355 12
