1796 2929
507 125 608 156 Liber
632 124 760 157 XLIII.
812 125 873 164 (A.
902 123 981 156 Chr.
1013 125 1104 164 169.)
1395 127 1469 162 139

119 260 219 285 nunc
250 247 529 296 oppidanorum
570 247 730 283 animos.
814 247 910 283 Erat
953 254 1080 284 autem
1121 247 1173 283 ibi
1209 258 1292 282 cum
1334 246 1530 282 iuventute

120 318 338 367 Illyriorum
370 317 587 353 Romanum
612 317 839 364 praesidium.
913 317 1128 364 Postquam
1173 316 1264 352 nihil
1305 316 1434 364 pacati
1467 328 1530 352 re-
1564 318 1582 351 7

122 387 311 431 ferebant,
342 398 566 434 oppugnare
597 394 652 422 est
683 387 852 431 adortus,
883 393 919 422 et
951 399 1093 423 corona
1126 398 1208 422 eam
1242 397 1380 433 capere
1415 397 1530 421 cona·

120 463 180 494 tus
211 463 279 493 est.
343 453 438 491 Cum
470 455 550 491 sine
583 455 862 492 intermissione
902 456 1063 492 interdiu
1105 463 1308 502 noctuque,
1341 454 1405 490 alii
1448 453 1532 490 aliis

120 525 382 569 succedentes,
430 537 520 573 pars
564 525 688 561 scalas
731 525 867 570 muris,
908 538 1002 573 pars
1032 525 1156 574 ignem
1187 525 1307 573 portis
1338 523 1533 568 inferrent,

119 595 362 630 sustinebant
390 599 519 630 tamen
550 607 634 631 eam
664 601 928 643 tempestatem
959 600 1266 643 propugnatores
1293 594 1409 638 urbis,
1440 593 1530 641 quia
1561 593 1582 628 8

120 676 207 713 spes
239 671 333 708 erat,
368 676 491 712 neque
521 664 655 700 hiemis
687 664 762 701 vim
795 664 934 700 diutius
964 665 1043 713 pati
1062 664 1299 700 Macedonas
1330 663 1366 699 in
1399 669 1533 711 aperto

120 745 246 782 posse,
291 744 361 769 nee
392 734 440 770 ab
471 734 648 770 Romano
684 734 784 770 bello
816 741 964 770 tantum
995 734 1076 782 regi
1105 733 1316 769 laxamenti
1348 732 1454 776 fore,
1494 737 1534 767 ut

119 809 250 851 posset
281 803 436 838 morari.
521 802 698 840 Ceterum
741 810 945 852 postquam
977 803 1110 839 vineas
1141 804 1203 852 agi
1235 809 1435 850 turresque
1465 814 1534 837 ex-
1565 801 1586 836 9

120 872 230 910 citari
261 872 409 916 vident,
455 872 557 908 victa
604 872 816 920 pertinacia
850 878 915 909 est.
980 873 1084 909 Nam
1133 879 1387 921 praeterquam
1428 871 1530 919 quod

120 943 307 979 adversus
337 942 415 978 vim
445 953 559 990 pares
589 954 664 978 non
697 948 817 986 erant,
851 954 898 978 ne
928 940 1107 978 frumenti
1137 942 1291 990 quidem
1323 948 1389 977 aut
1419 940 1531 976 ullius

119 1012 275 1049 alterius
304 1012 360 1048 rei
390 1011 502 1060 copia
531 1011 632 1048 intus
665 1016 758 1056 erat,
790 1016 830 1047 ut
860 1012 895 1046 in
925 1012 1157 1059 necopinata
1188 1011 1403 1047 obsidione.
1452 1010 1531 1046 Ita-
1568 1009 1612 1044 10

120 1095 195 1130 que
225 1094 310 1119 cum
341 1081 422 1130 spei
453 1082 543 1117 nihil
582 1082 632 1117 ad
661 1081 912 1118 resistendum
945 1088 1064 1126 esset,
1102 1080 1147 1118 C.
1167 1079 1362 1117 Carvilius
1393 1079 1531 1128 Spole-

119 1152 220 1189 tinus
252 1158 288 1188 et
321 1150 365 1190 C.
393 1150 579 1188 Afranius
611 1164 635 1187 a
665 1151 842 1199 praesidio
872 1152 1050 1188 Romano
1082 1150 1199 1195 missi,
1232 1151 1296 1198 qui
1329 1163 1352 1186 a
1386 1151 1531 1186 Perseo

119 1227 313 1271 peterent,
353 1221 497 1269 primo,
531 1227 571 1257 ut
600 1228 772 1257 armatos
802 1233 949 1269 suaque
990 1233 1118 1257 secum
1150 1219 1314 1256 ferentes
1346 1219 1453 1255 abire
1483 1220 1533 1256 si-

120 1297 238 1335 neret,
269 1291 368 1334 dein,
398 1290 430 1326 si
460 1291 497 1326 id
529 1291 652 1327 minus
682 1291 942 1338 impetrarent,
978 1290 1065 1326 vitae
1095 1296 1240 1326 tantum
1268 1289 1533 1337 libertatisque

119 1362 231 1397 fidem
264 1360 492 1408 acciperent.
554 1359 793 1396 Promissum
825 1359 863 1395 id
893 1359 1093 1408 benignius
1125 1366 1181 1395 est
1211 1361 1259 1396 ab
1290 1371 1381 1407 rege
1412 1371 1527 1406 quam
1566 1358 1606 1392 ll

121 1430 344 1479 praestitum.
409 1429 526 1465 Exire
557 1429 655 1465 enim
686 1441 757 1465 sua
787 1441 914 1465 secum
947 1428 1190 1466 efferentibus
1221 1429 1333 1465 iussis
1367 1428 1532 1476 primum

121 1513 230 1536 arma
260 1499 415 1535 ademit.
480 1499 552 1535 His
584 1500 677 1535 urbe
709 1499 891 1546 egressis,
923 1505 959 1535 et
990 1499 1206 1548 Illyriorum
1239 1499 1377 1534 cohors
1409 1498 1535 1545 (quin-

120 1569 223 1618 genti
259 1570 381 1614 erant)
413 1574 449 1603 et
482 1569 725 1605 Uscanenses
757 1580 797 1604 se
828 1568 1038 1616 urbemque
1069 1569 1306 1604 dediderunt--

234 1640 412 1682 Perseus,
443 1638 620 1685 praesidio
651 1638 815 1676 Useanae
848 1638 1037 1686 inposito,
1069 1637 1346 1674 multitudinem
1380 1650 1530 1673 omnem
1596 1631 1644 1677 19

121 1708 358 1752 deditorum,
390 1719 473 1754 quae
504 1720 624 1755 prope
654 1713 811 1743 nu⁵mero
843 1708 1051 1744 exercitum
1084 1708 1275 1756 aequabat,
1307 1706 1553 1750 Stuberram,—

1568 1777 1589 1812 tc>

121 1777 287 1814 abducit.
351 1777 411 1813 Ibi
443 1777 630 1814 Romanis
661 1777 861 1825 (quattuor
887 1777 990 1813 milia
1021 1783 1147 1813 autem
1178 1776 1373 1813 hominum
1407 1779 1534 1818 erant)

121 1854 259 1897 praeter
287 1846 478 1895 principes
518 1847 556 1883 in
589 1847 800 1884 custodiam
834 1847 1030 1884 civitatum
1064 1846 1215 1891 divisis,
1246 1846 1534 1885 Uscanensibus

123 2088 142 2116 3
176 2084 326 2115 animose
385 2086 404 2113 4
442 2091 619 2113 romanum
653 2092 669 2112 r
699 2086 880 2122 postquam
939 2080 1027 2113 Num
1059 2080 1138 2122 quid
1171 2080 1264 2112 aliud
1289 2080 1395 2118 lateat,
1422 2081 1535 2112 nescio.

124 2141 156 2179 7,
184 2146 202 2172 2
230 2141 392 2172 adhortus
415 2140 420 2179 1
443 2149 622 2170 coroneam
649 2148 767 2180 capere
794 2145 951 2170 conatum
994 2137 1180 2177 Videndum,
1208 2150 1244 2170 ne
1270 2139 1301 2170 in
1323 2129 1535 2180 priore‘mem-

124 2210 178 2241 bro
216 2208 367 2241 exciderit
401 2208 530 2239 urbem.
596 2211 615 2238 3
652 2208 952 2239 interestmissione
986 2208 992 2248 Ι
1026 2197 1190 2238 aliaaailiis
1240 2211 1260 2237 4
1286 2207 1389 2238 muris
1423 2207 1536 2247 ignem

126 2275 436 2320 Kreyss.1inferent
485 2277 517 2315 8,
545 2282 562 2307 2
591 2277 720 2318 hiemps
759 2277 792 2314 9,
821 2281 834 2308 l
865 2283 1040 2315 turresque
1059 2266 1221 2307 aexcitari
1249 2279 1267 2307 2
1285 2276 1442 2306 uidentur
1463 2274 1535 2317 My.

125 2334 242 2376 (Gr-yn.
259 2335 425 2375 viderunt)
463 2338 617 2375 Sparens
643 2338 663 2364 4
679 2335 713 2364 in
728 2334 830 2365 omiss.
851 2333 914 2374 (H.
942 2333 1199 2374 necinopinata)
1249 2333 1303 2371 10,
1331 2336 1349 2363 2
1377 2331 1539 2374 spelesse

128 2391 316 2433 {poletinus
375 2395 394 2422 3
421 2392 553 2423 romani
602 2395 621 2422 4
648 2391 786 2422 ferentis
836 2390 891 2428 11,
919 2395 937 2421 2
964 2391 1140 2431 prestitum
1191 2389 1368 2430 (Adverbio
1393 2390 1538 2430 primum

125 2448 328 2490 respondent,
355 2460 424 2490 quoe
449 2460 475 2481 c.
498 2448 552 2487 19,
568 2449 592 2480 2
613 2448 781 2490 Ieyuntur.)
845 2452 864 2478 3
890 2448 941 2479 his
967 2448 1056 2479 enim
1083 2449 1164 2479 urbe
1227 2452 1247 2479 4
1274 2454 1308 2480 et
1338 2456 1539 2479 escanenses

127 2515 236 2558 Siyon.
268 2518 365 2559 Gryn.
392 2517 621 2549 Uscanienses
659 2519 662 2559 Ι
698 2517 919 2548 dedeiderunt
987 2516 1085 2556 XIX,
1119 2517 1152 2555 1,
1181 2521 1200 2548 2
1227 2517 1397 2549 Stuberam
1460 2515 1492 2554 2,
1523 2520 1536 2547 l

132 2572 289 2610 Quattuor
319 2573 435 2606 milium
469 2586 611 2606 numerus
643 2574 733 2605 nimis
762 2585 893 2616 magnus
919 2584 980 2605 non
1004 2574 1122 2606 iniuria
1146 2575 1231 2606 visus
1252 2580 1298 2606 est
1325 2574 1403 2605 viris
1428 2572 1539 2605 doctis.

127 2635 145 2662 2
173 2631 345 2662 ciuitatem
