1796 2929
470 128 574 159 Liber
598 127 726 159 XLIV.
787 129 848 167 (A.
879 129 956 160 Chr.
990 132 1084 168 169.)
1359 134 1430 168 147

71 251 303 290 successoris
337 250 524 295 adventu,
568 263 652 288 cuni
696 263 825 295 arma,
866 252 989 297 viros,
1025 265 1146 301 equos
1185 265 1269 289 cuni
1312 264 1404 289 cura
1434 252 1489 288 in-

72 321 278 370 spexisset,
323 326 459 356 ornato
503 320 672 356 exercitu
712 320 867 357 obviam
907 321 1071 358 venienti
1106 322 1252 359 consuli
1291 323 1490 370 processit,

71 392 122 428 Et
155 391 300 439 primus
334 402 465 426 eorum
498 401 725 437 congressus
754 402 801 426 ex
832 390 1018 438 dignitate
1048 392 1217 439 ipsorum
1253 404 1299 428 ac
1326 392 1491 429 Romani
1524 397 1543 430 7

71 459 255 503 nominis,
287 465 323 495 et
353 459 390 494 in
421 459 535 495 rebus
568 459 704 495 deinde
732 458 990 507 gerendis**.
1050 461 1265 498 Proconsul
1306 461 1403 497 enim
1444 461 1492 497 ad
1525 464 1547 500 8

71 529 278 566 exereitum
300 530 321 550 *
344 530 378 566 *.
420 529 562 564 Paucis
583 535 671 576 post
691 529 824 566 diebus
846 531 977 567 consul
1005 531 1220 568 contionem
1243 537 1335 578 aput
1358 531 1493 567 milites
1525 534 1547 569 9

73 599 220 638 habuit.
280 597 402 635 Orsus
434 610 458 633 a
488 597 693 646 parricidio
717 599 849 635 Persei
871 608 1091 649 perpetrato
1121 601 1159 637 in
1188 599 1360 643 fratrem,
1391 600 1495 648 cogi·
1531 603 1576 637 10

75 675 155 704 tato
186 667 223 703 in
256 673 475 715 parentem,
513 667 650 704 adiecit
686 675 774 716 post
810 669 952 707 scelere
981 678 1132 719 partum
1163 681 1343 717 regnum,
1380 682 1493 706 vene-

76 737 184 779 ficia,
215 737 356 781 caedes,
396 737 598 773 latrocinio
629 737 796 773 nefando
827 738 984 786 petitum
1018 738 1236 783 Eumenen,
1268 738 1427 775 iniurias
1457 740 1494 775 in

76 807 259 855 populum
283 808 514 851 Romanum,
544 806 776 854 direptiones
797 808 988 844 sociarum
1012 808 1160 844 urbium
1193 815 1328 844 contra
1353 808 1495 853 foedus3

79 889 125 913 ea
156 875 285 912 onmia
315 887 429 923 quam
463 876 534 912 diis
567 888 721 924 quoque
750 876 874 913 invisa
905 884 1049 921 essent,
1087 889 1284 914 sensurum
1324 879 1360 914 in
1392 879 1495 915 exitu

78 958 204 982 rerum
239 957 407 983 suarum.
468 945 621 981 Favere
661 945 760 981 enim
800 946 934 994 pietati
964 946 1128 993 fideique
1158 947 1272 991 deos,
1311 959 1378 995 per
1414 960 1498 995 quae
1532 947 1575 982 11

80 1015 243 1064 populus
282 1015 481 1052 Romanus
523 1014 570 1050 ad
608 1020 754 1051 tantum
798 1015 942 1064 fastigii
983 1016 1140 1052 venerit.
1206 1017 1322 1053 Vires
1363 1017 1498 1070 deinde
1533 1015 1580 1050 12

80 1084 210 1133 populi
234 1084 411 1128 Romani,
437 1084 512 1120 iarn
544 1091 731 1120 terrarum
764 1085 895 1121 orbem
922 1087 1206 1135 conplectentis,
1238 1099 1322 1123 cum
1353 1088 1499 1124 viribus

82 1154 330 1197 Macedoniae,
353 1154 540 1190 exercitus
562 1165 646 1190 cum
670 1154 899 1191 exercitibus
921 1157 1159 1204 conparavit.
1201 1157 1356 1204 Quanto
1378 1158 1499 1194 maio-

82 1237 142 1260 res
169 1224 337 1272 Philippi
355 1223 613 1271 Antiochique
642 1236 734 1272 opes
756 1236 831 1260 non
854 1225 1063 1262 maioribus
1085 1227 1205 1274 copiis
1226 1226 1369 1263 fractas
1391 1228 1499 1264 esse?

193 1294 319 1331 Huius
349 1293 498 1341 generis
529 1293 798 1330 adhortatione
829 1296 999 1331 accensis
1030 1296 1188 1332 militum
1221 1297 1370 1342 animis,
1405 1310 1498 1334 con-

83 1364 227 1400 sultare
248 1364 295 1400 de
315 1375 463 1399 summa
485 1363 640 1410 gerendi
671 1363 758 1399 belli
780 1363 904 1411 coepit.
965 1365 1024 1401 Eo
1047 1372 1083 1401 et
1104 1365 1147 1402 C.
1168 1367 1338 1403 Marcius
1360 1375 1501 1415 praetor

84 1447 108 1470 a
129 1432 322 1477 Chalcide,
353 1432 474 1468 classe
504 1439 682 1480 accepta,
712 1432 826 1468 venit.
885 1433 1038 1469 Placuit
1074 1447 1151 1470 non
1181 1435 1282 1472 ultra
1312 1438 1500 1474 morando
1532 1436 1554 1472 2

83 1502 121 1538 in
142 1501 346 1538 Thessalia
379 1507 529 1550 tempus
560 1509 694 1545 terere,
725 1502 792 1538 sed
823 1514 978 1539 movere
1003 1505 1196 1552 extemplo
1227 1513 1354 1542 castra
1375 1507 1501 1556 adque

84 1584 242 1620 pergere
279 1571 366 1607 inde
404 1572 442 1608 in
472 1572 762 1616 Macedouiam3
801 1577 837 1608 et
876 1579 1079 1620 praetorem
1112 1574 1205 1610 dare
1242 1587 1421 1623 operam,
1461 1584 1502 1613 ut
1532 1579 1553 1614 3

85 1641 219 1678 eodem
266 1648 438 1689 tempore
481 1641 614 1678 classis
660 1654 812 1689 quoque
858 1641 1061 1678 invehatur
1104 1644 1268 1680 hostiurn
1313 1645 1500 1683 litoribus.

85 1711 258 1748 Praetore
274 1710 444 1756 dimisso,
460 1711 605 1756 consul,
623 1717 856 1747 menstruum
869 1713 1094 1758 frumentum
1114 1713 1218 1750 iusso
1236 1714 1354 1751 milite
1373 1727 1502 1752 secum
1534 1716 1556 1750 4

86 1780 200 1825 ferre,
230 1780 390 1817 decumo
412 1787 500 1829 post
521 1781 593 1826 die,
624 1794 738 1829 quam
762 1781 967 1817 exercitum
993 1789 1206 1831 acceperat,
1223 1790 1351 1820 castra
1372 1785 1503 1831 movit,

86 1856 123 1886 et
159 1850 269 1886 unius
298 1850 371 1886 diei
398 1863 625 1899 progressus
654 1851 744 1895 iter,
777 1851 998 1887 convocatis
1019 1852 1194 1888 itinerum
1218 1854 1396 1900 ducibus,
1418 1867 1502 1893 cum
1537 1856 1558 1890 5

87 1932 280 1969 exponere
320 1920 358 1955 in
400 1920 558 1957 consilio
602 1920 793 1965 iussisset,
842 1933 919 1968 qua
964 1921 1125 1970 quisque
1167 1922 1350 1959 ducturus
1392 1931 1503 1970 esset,

87 1990 286 2025 summotis
316 1989 383 2034 iis,
416 2002 530 2037 quam
562 1992 654 2026 viam
684 1990 924 2038 potissimum
958 1996 1126 2039 peteret,
1159 1991 1304 2028 rettulit
1334 1992 1382 2029 ad
1414 2006 1504 2030 con-

90 2238 123 2275 6,
140 2241 158 2268 2
179 2237 338 2269 inexisset
356 2237 526 2268 Manutius
565 2237 595 2276 7,
617 2241 630 2269 l
654 2239 799 2279 primum
823 2239 827 2277 Ι
851 2248 893 2268 ex
909 2238 1108 2278 dignitatem
1144 2243 1162 2270 2
1185 2241 1340 2279 gerendis
1362 2230 1507 2282 procons

90 2294 123 2331 8,
151 2299 168 2325 2
205 2295 391 2326 exercitum
424 2295 541 2336 paucis
587 2294 708 2337 (Gy-yn.
745 2295 924 2326 asteriscum
960 2296 1120 2336 utrobique
1151 2298 1309 2338 apposuit.
1377 2298 1509 2331 Videtur

92 2351 249 2384 Hostilius
273 2351 393 2394 leyatus
418 2353 450 2383 in
475 2353 610 2384 exercitu
632 2353 847 2393 remansisse.)
911 2353 943 2386 9.
975 2356 988 2384 1
1030 2353 1154 2384 milites
1180 2355 1249 2385 abit
1322 2355 1376 2393 10,
1407 2360 1421 2387 l
1465 2357 1510 2388 ad

92 2410 307 2450 parricidium
358 2415 376 2441 2
403 2410 569 2442 beneficia
595 2411 693 2442 cedes
742 2411 797 2449 12,
826 2414 845 2441 4
866 2410 984 2451 pilippi
1011 2411 1205 2452 antiocique
1253 2411 1299 2450 ΙΙ,
1327 2413 1358 2450 1,
1386 2417 1397 2444 l
1428 2424 1507 2446 con-

96 2466 219 2497 sultare
244 2468 277 2498 iu
306 2477 437 2498 summa
500 2472 519 2498 3
551 2468 678 2499 calcide
739 2467 771 2505 2,
801 2471 818 2498 2
846 2468 879 2497 in
907 2468 1080 2498 tessaliam
1104 2469 1107 2507 j
1131 2469 1241 2508 adque
1268 2470 1346 2501 inde
1371 2481 1509 2512 pergere

95 2523 172 2553 inde
218 2523 250 2561 3,
280 2528 292 2555 l
323 2525 403 2555 dare
430 2534 523 2556 oram
598 2529 615 2555 2
643 2525 816 2556 hostilium
877 2524 909 2559 4.,
942 2529 952 2555 l
984 2531 1188 2556 menstruum
1216 2527 1306 2558 iusso
1334 2527 1406 2570 My.
1434 2529 1507 2560 Em.

95 2580 166 2610 55&
188 2581 192 2618 Ι
214 2581 415 2612 militescum
451 2585 469 2612 2
497 2582 581 2613 ferre
607 2581 779 2624 profectus
807 2583 948 2613 decumo
976 2581 1048 2623 lily.
1077 2582 1096 2613 l.
1125 2594 1150 2614 c.
1192 2583 1223 2621 5,
1252 2588 1269 2615 2
1300 2593 1510 2626 exponerent

101 2636 211 2668 Gran„
238 2636 309 2668 Em.
338 2638 408 2669 558
433 2650 462 2670 η.
488 2640 492 2678 Ι
516 2640 548 2670 in
577 2639 720 2670 concilio
751 2639 848 2670 Gron.
902 2643 920 2670 3
954 2649 1054 2678 quam
1081 2641 1294 2681 potissimum
1325 2641 1435 2685 Siqosz.

1182 2700 1239 2732 10⁴
