1753 2934
630 135 703 166 Lib.
731 133 1028 165 XXIII—XXVI.
1427 135 1474 170 29

131 266 289 308 Philippo
321 266 542 297 Macedonum
576 267 644 306 regi
676 266 801 297 bellurn
843 266 1003 297 indictum
1041 271 1106 302 est,
1151 266 1205 304 qui
1239 264 1278 294 ad
1315 263 1530 305 Apolloniam

133 334 296 360 nocturno
321 327 439 369 proelio
465 336 644 368 oppressus
666 327 868 367 fugatusque
887 326 916 356 in
937 327 1172 357 Macedoniam
1192 336 1265 357 cum
1287 335 1389 366 prope
1415 325 1531 356 inermi

132 390 283 422 exercitu
309 388 467 430 profugit.
522 389 574 419 Ad
601 389 634 419 id
659 388 784 419 bellum
810 388 990 428 gerendum
1010 388 1056 419 M.
1075 387 1229 418 Valerius
1254 392 1376 427 praetor
1400 387 1531 418 missus.

133 453 199 483 Res
230 457 390 492 praetcrea
417 449 451 479 in
477 450 641 490 Hispania
667 459 686 480 a
711 449 748 480 P.
775 456 807 480 et
835 449 894 480 Cn.
923 448 1139 489 Scipionibus
1173 449 1329 479 adversus
1357 447 1533 488 Carthagi-

133 514 264 544 nienses
297 515 410 552 gestas
443 511 608 548 continet;
643 521 663 541 a
687 511 808 551 quibus
835 510 976 551 Syphax
1004 519 1062 540 rex
1088 509 1251 540 Numidiae
1287 510 1320 540 in
1353 510 1532 540 amicitiam

134 573 300 610 adscitus,
339 573 394 613 qui
431 582 450 602 a
488 572 669 603 Masinissa
705 572 944 612 Massyliorum
982 581 1060 610 rege
1100 581 1159 611 pro
1200 570 1534 610 Carthaginiensibus

132 640 303 677 pugnante
322 635 427 665 victus
448 634 481 663 in
497 633 694 674 Hispaniam
716 635 756 664 ad
773 634 964 674 Scipionem
991 643 1066 663 cum
1093 642 1213 672 magna
1239 642 1339 662 manu
1365 633 1495 662 transiit
1505 628 1533 673 ²)

131 702 251 728 eontra
276 695 406 731 Gades,
441 695 497 725 ubi
524 700 667 734 angusto
691 695 777 726 freto
803 694 921 726 Africa
951 702 983 726 et
1008 695 1172 735 Hispania
1197 694 1404 724 dirimuntur.
1459 692 1536 723 Cel-

133 758 230 789 tiberi
259 766 390 798 quoquc
418 756 452 786 in
478 758 658 788 amicitiam
686 757 810 797 recepti
837 762 931 794 sunt;
965 766 1107 796 quorum
1136 755 1269 787 auxiliis
1294 755 1430 786 adscitis
1456 760 1535 786 tunc

132 820 275 862 primum
302 819 545 849 mercenarium
572 819 711 849 militem
737 818 892 849 Romana
917 824 1025 848 castra
1051 817 1248 848 habuerunt.

678 909 742 940 EX
768 910 853 941 LIB.
880 909 992 940 XXV.

227 987 264 1018 P.
293 985 467 1017 Cornelius
496 984 627 1026 Scipio.
663 991 779 1026 postea
804 985 1005 1023 Africanus,
1039 990 1114 1016 ante
1148 995 1253 1016 annos
1286 984 1391 1014 aedilis
1417 982 1536 1014 factus.

134 1048 307 1080 Hannibal
332 1048 448 1078 urbem
476 1047 645 1078 Tarenton
669 1053 789 1087 praeter
813 1057 935 1084 arcem,
964 1048 997 1077 in
1023 1057 1122 1087 quam
1149 1047 1340 1088 praesidium
1367 1046 1538 1076 Romano—

134 1120 208 1141 rum
234 1109 376 1149 fugerat,
402 1118 460 1149 pcr
477 1108 680 1138 Tarentinos
704 1109 851 1144 iuvenes,
878 1110 933 1149 qui
962 1119 997 1139 se
1023 1115 1124 1139 noctu
1149 1115 1304 1139 venatum
1332 1108 1378 1137 ire
1404 1106 1539 1138 simula-

134 1178 263 1207 verant,
292 1171 389 1211 cepit.
441 1169 527 1200 Ludi
545 1169 756 1210 Apollinares
779 1180 820 1200 ex
836 1170 955 1201 Marcii
975 1171 1190 1209 carminibus⁷
1218 1170 1337 1212 quibus
1353 1167 1540 1199 Cannensis

134 1233 246 1263 clades
271 1231 430 1272 praedicta
457 1230 583 1268 suerat,
621 1231 761 1262 instituti
788 1238 877 1263 sunt.
941 1233 972 1263 A
1001 1232 1041 1270 Q.
1069 1233 1186 1263 Fulvio
1220 1238 1252 1262 et
1278 1232 1367 1278 Affipp.
1396 1229 1540 1261 Claudio

135 1303 222 1325 coss.
265 1293 423 1323 adversus
456 1293 657 1323 Hannonem
684 1292 863 1324 Poenorum
901 1295 1016 1324 ducem
1056 1304 1212 1334 prospere
1255 1298 1438 1335 pugnatum
1478 1296 1539 1322 est.

135 1355 212 1386 Tib.
239 1354 456 1395 Sempronius
484 1352 658 1384 Gracchus
692 1364 824 1394 procos.
857 1355 899 1385 ab
930 1355 1060 1396 hospite
1095 1366 1154 1387 suo
1180 1356 1317 1386 Lucano
1342 1355 1376 1384 in
1403 1353 1541 1384 insidias

137 1417 298 1447 deductus
330 1426 349 1445 a
375 1414 521 1454 Magone
556 1414 750 1446 interfectus
784 1423 844 1447 est.
897 1415 1079 1448 Centenius
1105 1417 1261 1456 Paenula,
1303 1416 1357 1456 qui
1391 1415 1541 1446 centurio

138 1478 355 1514 militaverat,
383 1486 483 1516 quum
509 1477 650 1516 petisset
675 1486 694 1506 a
720 1484 853 1515 senatu.
887 1484 922 1509 ut
949 1479 1012 1509 sibi
1040 1480 1205 1509 exercitus
1231 1480 1384 1514 daretur,
1410 1476 1543 1517 pollici-

138 1545 258 1578 tusque
292 1544 394 1575 esset,
431 1538 458 1568 si
491 1537 719 1578 impetrasset,
758 1540 797 1570 de
823 1540 1016 1571 Hannibale
1048 1541 1239 1577 victoriam,
1277 1539 1364 1570 VIII
1396 1538 1544 1581 acceptis

139 1601 281 1632 militum
313 1600 383 1630 dux
408 1598 516 1630 factus
543 1598 693 1630 conflixit
718 1601 791 1631 acie
818 1611 891 1631 cum
908 1602 1097 1632 Hannibale
1124 1608 1157 1632 et
1177 1611 1250 1631 cum
1273 1601 1419 1632 exercitu
1438 1609 1544 1631 caesus

139 1668 198 1694 est.
249 1662 366 1702 Capua
392 1661 533 1692 obsessa
549 1668 599 1691 est
623 1671 642 1691 a
664 1659 702 1698 Q.
719 1662 838 1692 Fulvio
866 1669 897 1693 et
915 1664 1002 1703 App.
1022 1662 1162 1693 Claudio
1190 1672 1273 1693 coss.
1328 1661 1387 1692 Cn.
1405 1661 1545 1691 Fulvius

139 1729 262 1766 praetor
292 1724 377 1754 male
403 1723 561 1753 adversus
587 1722 812 1754 Hannibalem
840 1725 1011 1764 pugnavit.
1047 1725 1079 1754 in
1107 1734 1172 1764 quo
1197 1724 1315 1764 proelio
1341 1713 1410 1754 X—X
1435 1723 1545 1753 homi-

140 1781 258 1827 num2)
287 1784 497 1822 ceciderunt;
523 1784 592 1824 ipse
619 1794 696 1814 cum
725 1785 893 1825 equitibus
921 1784 978 1817 CC
1004 1784 1131 1825 effugit.
1186 1785 1345 1816 Claudius
1364 1784 1546 1815 Marcellus

141 1846 325 1888 Syracusas
351 1846 556 1887 expugnavit
592 1846 690 1876 tertio
727 1856 814 1876 anno
852 1853 883 1877 et
920 1848 1090 1887 ingentem
1128 1848 1232 1877 virum
1258 1847 1374 1887 gessit.
1441 1845 1482 1876 In
1507 1854 1547 1876 eo

142 1908 289 1940 tumultu
314 1914 419 1948 captae
445 1907 536 1938 urbis
565 1907 784 1939 Archimedes
813 1909 961 1939 intentus
988 1909 1122 1945 formis,
1162 1918 1245 1949 quas
1270 1909 1302 1938 in
1328 1907 1464 1948 pulvere
1490 1907 1546 1938 de·-

142 1970 329 2010 scripserat,
358 1967 550 1999 interfectus
576 1974 636 2000 est.
687 1968 725 2000 P.
755 1975 788 2000 et
814 1968 875 2001 Cn.
908 1970 1083 2011 Scipiones
1115 1971 1149 2000 in
1175 1970 1338 2010 Hispania
1364 1974 1412 1999 tot
1438 1978 1548 1998 rerum

142 2029 284 2062 feliciter
309 2035 481 2069 gestarum
507 2030 635 2060 tristem
663 2030 789 2061 exitum
819 2031 976 2069 tulerunt,
1009 2041 1112 2072 prope
1139 2041 1215 2062 cum
1242 2032 1320 2062 totis
1346 2030 1549 2062 exercitibus

145 2091 220 2122 caesi
245 2102 333 2123 anno
359 2098 499 2128 octavo,
538 2101 639 2131 quam
674 2092 707 2122 in
732 2092 932 2132 Hispaniam
966 2093 1086 2123 ierunt.
1148 2093 1352 2133 Amissaque
1378 2093 1448 2124 eius
1473 2101 1550 2133 pro-

144 2153 263 2184 vinciae
275 2154 444 2194 possessio
465 2153 561 2191 foret,
590 2154 665 2191 nisi,
691 2154 730 2185 L.
747 2154 865 2184 Marcii
893 2155 1012 2194 equitis
1027 2154 1168 2185 Romani
1185 2155 1303 2185 virtute
1330 2160 1361 2184 et
1386 2153 1551 2184 industria

147 2215 326 2246 contractis
359 2215 567 2245 exercituum
601 2215 767 2256 reliquiis,
804 2216 952 2247 eiusdem
987 2217 1122 2247 hortatu
1156 2216 1234 2246 bina
1267 2221 1376 2246 eastra
1402 2215 1551 2246 hostium

145 2282 338 2317 expugnata
362 2284 481 2308 essent.
539 2277 596 2307 Ad
624 2276 764 2308 XXVII
786 2273 923 2316 caesa³)‚
949 2280 1022 2316 †ex
1042 2278 1131 2308 mille
1149 2278 1361 2317 octingentos
1371 2272 1412 2318 4),
1438 2277 1551 2318 praeda

144 2337 265 2378 ingens
292 2344 407 2379 capta3
439 2340 508 2370 dux
533 2338 681 2370 Marcius
706 2339 894 2379 appellatus
921 2344 980 2369 est.

680 2430 744 2462 EX
768 2430 856 2461 LIB.
882 2429 1013 2461 XXVI.

240 2505 412 2538 Hannibal
438 2507 480 2538 ad
505 2508 639 2538 tertium
665 2508 810 2549 lapidem
836 2508 878 2538 ab
904 2507 986 2537 urbe
1003 2507 1112 2537 Roma
1139 2515 1239 2547 snper
1253 2506 1418 2537 Anienem
1444 2510 1553 2536 castra

223 2623 249 2656 ²)
269 2627 360 2651 Aliter
378 2627 433 2651 Lir.
457 2635 480 2650 c.
500 2627 542 2650 49.
620 2625 647 2656 ²)
667 2625 737 2649 XVI
758 2624 846 2649 millia
867 2625 1014 2649 hominum
1033 2626 1086 2650 Liv.
1107 2633 1128 2650 c.
1143 2626 1185 2649 21.
1262 2621 1290 2651 ³)
1310 2622 1447 2648 mvn
1467 2621 1556 2646 minis

150 2673 204 2698 ιίο.
225 2681 248 2698 c.
271 2674 312 2697 39.
377 2672 405 2704 ⁴)
429 2674 522 2704 captos
546 2672 582 2697 ad
602 2673 677 2697 mille
698 2673 876 2704 octingentos
896 2673 1013 2703 triginta
1031 2674 1085 2698 [λυ.
1104 2673 1159 2697 ἰδα-
