1796 2929
162 319 174 352 1

133 588 182 633 10

191 318 203 352 l

191 1777 209 1810 *l

301 129 372 163 158
641 126 744 157 Liber
770 125 897 157 XLIV.
938 126 999 164 (A.
1028 135 1058 156 u.
1089 135 1116 156 c.
1139 126 1235 166 585.)

239 253 365 284 castra
393 258 437 282 eo
459 246 664 294 promovit,
695 252 892 294 tamquam
915 248 1031 284 Dium
1055 249 1181 296 adque
1209 248 1308 292 inde,
1338 254 1528 284 summoto
1549 260 1650 297 rege,

239 317 275 352 in
307 316 474 352 Pieriam
515 314 630 350 etiam
669 327 954 364 progressurus.
1015 317 1091 355 Sed
1130 318 1289 354 hiberna
1318 317 1394 353 iam
1429 328 1651 365 praeparans

239 386 322 420 vias
355 383 630 420 commeatibus
669 385 924 423 subvehendis
965 400 1012 423 ex
1053 388 1257 424 Thessalia
1295 387 1433 423 muniri
1474 386 1579 422 iubet
1615 392 1653 423 et

240 454 325 502 eligi
365 454 511 489 horreis
552 462 771 502 opportuna
804 455 890 492 loca
921 463 1096 505 tectaque
1126 457 1325 501 aedifieari,
1365 456 1430 492 ubi
1459 455 1654 493 deversari

239 529 435 571 portantes
466 532 701 560 commeatus
730 533 897 573 possent.

351 592 528 638 Perseus,
562 593 715 629 tandem
738 607 756 630 e
775 606 921 642 pavore
941 606 1000 638 eo,
1031 607 1106 642 quo
1131 596 1314 632 attonitus
1331 595 1470 639 fuerat,
1498 602 1653 643 recepto

240 660 381 703 animo,
413 661 542 698 mallet
562 663 731 711 imperiis
761 664 840 700 suis
870 676 946 699 non
975 665 1278 714 obtemperatum
1310 676 1405 707 esse,
1433 676 1517 700 cum
1538 664 1653 712 trepi-

241 721 347 767 dans
366 743 502 779 gazam
526 732 562 768 in
585 745 690 769 mare
719 733 815 770 deici
838 734 967 779 Pellae,
996 735 1283 771 Thessalonicae
1310 733 1465 771 navalia
1492 734 1657 770 iusserat

240 801 400 836 incendi.
460 801 726 847 Andronicus,
757 803 1077 840 Thessalonicam
1109 805 1258 849 missus,
1293 809 1463 840 traxerat
1493 810 1654 851 tempus·

241 871 279 906 id
308 870 446 918 ipsum,
469 872 572 918 quod
600 872 749 916 accidit,
780 873 1006 921 paenitentiae
1032 873 1248 922 relinquens
1278 873 1415 909 locum.
1461 872 1657 908 Iucautior

240 941 373 977 Nicias
395 941 511 977 Pellae
532 941 752 989 proiciendo
770 943 939 990 pecuniae
961 950 1121 991 partem,
1144 956 1228 990 quae
1244 943 1371 980 fuerat
1393 943 1442 979 ad
1459 943 1654 985 Phacum3

242 1011 307 1046 sed
338 1011 376 1046 in
408 1024 449 1047 re
470 1012 698 1048 emendabili
729 1012 834 1048 visus
856 1018 908 1047 est
935 1012 1066 1060 lapsus
1096 1024 1190 1058 esse,
1223 1013 1324 1060 quod
1355 1025 1423 1060 per
1444 1012 1657 1048 urinatores

243 1091 355 1116 omne
394 1079 514 1116 ferme
555 1087 768 1117 extractum
811 1088 878 1118 est.
945 1083 1172 1130 Tantusque
1212 1082 1336 1130 pudor
1377 1081 1456 1130 regi
1503 1081 1658 1129 pavoris

244 1149 324 1185 eius
354 1148 437 1194 fuit,
467 1156 508 1185 ut
537 1150 750 1187 urinatores
783 1152 879 1188 clam
911 1152 1071 1188 interfici
1101 1151 1265 1196 iusserit,
1299 1150 1434 1187 deinde
1464 1149 1658 1187 Androni-

243 1231 327 1254 cum
360 1231 513 1266 quoque
543 1227 577 1255 et
609 1220 760 1264 Nician,
791 1234 837 1257 ne
869 1221 952 1269 quis
984 1228 1061 1258 tam
1094 1221 1278 1258 dementis
1308 1220 1455 1269 imperii
1485 1219 1659 1256 conscius

244 1287 434 1323 existeret.
507 1288 612 1325 Inter
656 1290 736 1326 haec
778 1289 820 1327 C.
860 1291 1031 1327 Marcius
1083 1303 1166 1327 cum
1215 1290 1337 1327 classe
1380 1290 1428 1326 ab
1469 1289 1658 1325 Heracleo

244 1357 561 1395 Thessalonicam
598 1358 793 1407 profectus
833 1366 871 1396 et
915 1373 1049 1409 agrum
1094 1360 1265 1409 pluribus
1309 1359 1423 1404 locis,
1477 1359 1660 1406 expositis

243 1439 311 1474 per
346 1427 460 1464 litora
503 1427 678 1473 armatis,
723 1428 801 1464 late
837 1430 1025 1475 vastavit,
1083 1436 1120 1466 et
1158 1435 1426 1479 procurrentes
1471 1429 1520 1464 ab
1568 1429 1660 1464 urbe

243 1495 419 1532 secundis
450 1497 597 1545 aliquot
627 1498 770 1546 proeliis
807 1500 977 1548 trepidos
1008 1499 1108 1536 intra
1141 1500 1282 1536 moenia
1316 1498 1497 1547 conpulit.
1556 1498 1659 1534 Iam-

244 1577 316 1613 que
346 1566 419 1614 ipsi
450 1567 533 1602 urbi
564 1568 742 1604 terribilis
773 1576 866 1614 erat,
898 1582 997 1615 cum,
1027 1569 1221 1618 dispositis
1252 1569 1375 1605 onmis
1405 1568 1554 1617 generis
1580 1574 1659 1604 tor-

244 1636 403 1680 mentis,
433 1648 507 1671 non
539 1637 629 1685 vagi
662 1639 775 1674 modo
806 1639 907 1674 circa
936 1651 1085 1683 muros,
1123 1646 1265 1675 temere
1295 1639 1660 1691 adpropinquantes,

243 1706 310 1741 sed
348 1706 461 1742 etiam
494 1706 558 1754 qui
596 1707 632 1743 in
672 1708 835 1744 navibus
875 1714 1003 1752 eraut,
1044 1708 1149 1744 saxis
1180 1715 1370 1744 tormento
1411 1707 1660 1744 emicantibus

243 1775 564 1823 percutiebantur.
636 1778 844 1814 Revocatis
875 1778 989 1825 igitur
1030 1778 1069 1813 in
1113 1789 1231 1814 naves
1275 1778 1456 1813 militibus
1499 1777 1659 1813 omissa-

243 1858 317 1893 que
361 1846 647 1883 Thessalonicae
690 1847 997 1896 oppugnatione,
1039 1848 1207 1884 AEneam
1245 1847 1333 1883 inde
1377 1852 1521 1895 petunt.
1580 1846 1660 1882 XV

244 1915 348 1951 milia
379 1927 560 1963 passuum
592 1928 638 1953 ea
669 1918 759 1953 urbs
790 1918 911 1962 abest,
946 1917 1131 1953 adversus
1164 1917 1341 1966 Pydnam
1375 1916 1514 1964 posita,
1546 1914 1661 1952 fertili

245 1997 352 2033 agro.
420 1986 661 2023 Pervastatis
713 1987 851 2023 finibus
892 1987 992 2031 eius,
1042 1987 1211 2035 legentes
1251 1999 1358 2023 oram
1400 1985 1659 2034 Antigoneam

246 2100 263 2125 2
299 2105 340 2126 co
368 2096 483 2137 peruic
519 2102 691 2136 tamquam
719 2095 850 2127 Litteroe
876 2097 976 2137 maqis
1005 2096 1188 2138 siyng'ficant
1225 2095 1381 2136 perduxit
1422 2094 1498 2135 (cfr.
1540 2093 1610 2124 XL
1625 2092 1660 2130 Γ,

245 2152 299 2190 13,
318 2152 362 2184 12
387 2154 575 2194 peruiceret
603 2165 663 2195 pro
689 2154 924 2194 perduceret);
962 2153 1019 2185 secl
1045 2153 1079 2185 id
1104 2154 1256 2185 Latinum
1282 2163 1343 2184 non
1369 2150 1502 2183 videtur.
1554 2155 1573 2181 3
1601 2151 1660 2181 im-

244 2210 372 2250 pet-iam
407 2210 413 2252 Ι
447 2221 648 2252 progressus
707 2210 762 2246 11,
786 2215 798 2242 l
821 2211 996 2243 hibernam
1048 2216 1066 2242 2
1096 2211 1280 2243 subeundis
1303 2210 1308 2249 1
1330 2209 1467 2241 tessalia
1526 2211 1545 2239 3
1575 2207 1661 2248 elegi

248 2288 249 2305 2
280 2274 469 2308 opportuna
492 2269 563 2300 lcce
586 2270 591 2309 Ι
617 2268 714 2310 Gryn.
743 2268 908 2300 diuersari
994 2269 1045 2307 X,
1073 2269 1113 2306 1,
1144 2273 1156 2300 1
1202 2268 1335 2299 tandem
1361 2275 1490 2308 pauore
1516 2264 1623 2296 Drak.
1653 2263 1658 2305 Ι

245 2337 334 2377 quod
403 2341 421 2367 2
461 2324 601 2368 monllet
625 2336 679 2368 De
705 2337 838 2374 mallet,
871 2348 932 2378 pro
966 2348 1026 2378 quo
1054 2343 1126 2379 post
1150 2335 1313 2378 Siyom'um
1339 2334 1455 2366 editum
1481 2340 1526 2366 est
1550 2333 1661 2370 malle,

246 2392 309 2424 vid.
337 2393 409 2425 Em.
438 2394 525 2433 4473
564 2394 712 2433 XXIX,
734 2395 788 2432 14,
821 2394 878 2436 7.1
900 2404 973 2426 com
1050 2398 1069 2425 3
1113 2395 1224 2435 gaiam
1247 2395 1252 2433 Ι
1275 2393 1486 2425 tessalonicae
1580 2391 1613 2429 2,
1645 2394 1657 2421 l

247 2451 486 2482 tessalonicum
530 2455 548 2482 2
569 2452 665 2492 ipsud
688 2453 693 2491 1
715 2453 907 2493 penitentia}
955 2452 987 2490 3,
1004 2456 1022 2483 2
1037 2452 1241 2492 proiciendoe
1265 2449 1269 2491 Ι
1292 2451 1383 2491 quod
1411 2450 1521 2481 suerat
1544 2454 1660 2479 natum

247 2507 317 2548 My.
337 2508 410 2539 Em.
432 2509 506 2540 563
527 2509 644 2550 (Gryn.
666 2510 755 2550 quod
774 2509 885 2541 suerat
910 2512 1046 2549 nactus)
1089 2513 1108 2539 3
1129 2511 1160 2539 in
1188 2519 1256 2539 rem
1280 2507 1526 2539 emendabilem
1551 2505 1659 2536 Drtdc.

245 2564 316 2596 Em.
338 2564 400 2596 ibd.
422 2577 451 2596 n.
475 2567 481 2605 l
504 2566 596 2597 uisus
622 2567 734 2606 lapsus
762 2566 832 2608 My.
862 2566 924 2598 ibd.
989 2571 1009 2597 4
1037 2566 1327 2603 omncslstractus
1354 2570 1403 2596 cst
1472 2563 1504 2601 5,
1535 2567 1547 2594 l
1577 2563 1659 2603 hac}

244 2622 399 2653 heraclea
418 2622 515 2653 Gron.
557 2627 575 2653 2
592 2624 827 2654 tessalonicam
867 2628 887 2654 4
908 2624 1047 2663 aliquod
1084 2624 1115 2662 6,
1139 2627 1151 2654 l
1171 2632 1316 2664 namque
1355 2621 1386 2659 7,
1407 2626 1426 2652 2
1449 2621 1661 2653 tessalonicae

280 2679 397 2710 aeniam
425 2679 532 2711 Dralc.
585 2684 603 2710 3
631 2681 740 2712 cni-bis
767 2681 861 2712 abest
883 2680 888 2722 Ι
910 2691 1032 2722 pynam
1056 2683 1060 2721 Ι
1083 2680 1200 2712 fertilis
1226 2690 1326 2720 agros
