1753 2934
344 136 354 168 1
368 134 389 169 8
903 133 1074 165 Perioehae

282 262 488 294 Ardeatibus
512 262 627 303 populi
651 262 776 293 iudicio
801 262 946 301 ablatus,
971 263 1080 294 missis
1106 264 1138 294 in
1164 273 1238 295 eum
1264 265 1404 304 colonis,
1431 267 1601 300 restitutus
1625 275 1686 301 est.

282 323 393 362 Quum
424 323 511 354 fame
544 323 688 364 populus
713 323 885 356 Romanus
911 324 1092 361 laboraret,
1136 325 1193 365 Sp.
1224 324 1355 358 Maelius
1385 336 1485 367 eques
1515 329 1686 363 Romanus

281 385 483 416 frumentum
509 384 634 426 populo
661 394 721 416 sua
740 385 891 425 impensa
916 385 1056 425 largitus
1083 392 1143 423 est,
1170 392 1202 417 et
1229 387 1271 417 ob
1297 387 1331 417 id
1356 387 1482 421 factum
1510 392 1687 424 conciliata

280 447 341 477 sibi
375 446 492 488 plebe,
534 455 674 485 regnum
707 444 866 476 affectans
902 454 921 474 a
955 444 992 476 C.
1028 445 1168 478 Servilio
1196 448 1307 479 Ahala
1339 451 1501 490 magistro
1537 453 1685 493 equitum

280 509 373 539 iussu
390 506 536 545 Quinctii
557 506 747 538 Cincinnati
773 507 944 538 dictatoris
973 508 1102 539 occisus
1127 514 1194 547 est;
1219 509 1257 540 L.
1284 511 1452 544 Minucius
1478 513 1580 545 index
1604 515 1687 547 bove

281 576 398 600 aurata
425 570 568 600 donatus
593 576 652 600 est.
702 569 840 608 Legatis
867 569 1027 600 Romanis
1054 580 1074 600 a
1098 570 1318 602 Fidenatibus
1354 574 1490 612 occisis,
1527 577 1685 615 quoniam

280 631 322 662 ob
348 641 418 662 rem
443 631 612 671 publicam
640 630 877 668 occubuerant,
922 634 1040 660 statuae
1071 630 1105 660 in
1138 633 1254 664 rostris
1278 635 1396 674 positae
1421 641 1508 667 sunt.
1561 636 1686 668 Cossus

283 692 460 724 Cornelius
475 693 628 723 tribunus
648 692 802 727 militum,
824 692 937 722 occiso
952 691 1134 723 Tolumnio
1148 694 1329 726 Veientum
1344 706 1433 736 rege.
1452 697 1563 738 opima
1579 698 1686 739 spolia

278 754 426 785 secunda
452 754 577 786 retulit.
635 754 738 785 Mam.
765 753 923 784 AEmilius
949 754 1090 785 dictator
1116 764 1264 786 censurae
1289 756 1466 796 honorem,
1505 760 1562 800 qui
1586 766 1686 790 antea

278 825 337 856 per
361 816 624 856 quinquennium
651 816 840 855 gerebatur,
866 815 942 845 anni
963 821 995 846 et
1013 825 1072 846 sex
1098 817 1262 848 mensium
1290 819 1399 859 spatio
1423 818 1524 857 finiit3
1550 819 1592 850 ob
1611 829 1684 851 eam

278 887 347 908 rem
373 887 393 908 a
425 877 620 908 censoribus
652 882 787 907 notatus
819 881 878 907 cst.
928 877 1064 908 Fitlenae
1103 878 1137 908 in
1166 884 1368 918 potestatem
1401 880 1545 911 redactae
1577 890 1685 922 eoque

278 938 390 969 coloni
422 938 516 968 missi
552 944 637 969 sunt.
707 936 835 975 Quibus
873 938 992 969 occisis
1029 940 1204 970 Fidenates
1242 950 1343 981 quum
1383 941 1598 980 defecissent,
1641 943 1683 975 ab

277 999 380 1031 Mam.
424 999 563 1031 AEmilio
607 1000 770 1030 dictatore
817 999 892 1030 victi
931 1006 1007 1031 sunt
1050 1007 1083 1031 et
1118 1000 1254 1032 Fidenae
1292 1008 1409 1043 capue.
1487 1001 1684 1036 Coniuratio

277 1072 446 1094 servorum
474 1071 644 1102 oppressa.
703 1060 895 1092 Postumius
921 1062 1072 1093 tribunus
1106 1062 1247 1094 militum
1283 1070 1419 1105 propter
1453 1065 1683 1097 crudelitatem

277 1124 318 1155 ab
346 1124 495 1154 exercitu
523 1122 653 1154 occisus
680 1127 738 1153 est.
800 1122 1011 1164 Stipendium
1043 1133 1084 1154 ex
1108 1126 1224 1156 aerario
1250 1131 1318 1156 tum
1346 1126 1487 1166 primum
1522 1127 1684 1160 militibus

277 1186 392 1216 datum
429 1190 488 1218 est,
560 1184 627 1215 Res
664 1189 824 1225 praeterea
855 1191 966 1224 gestas
999 1185 1158 1218 adversus
1189 1187 1332 1218 Volscos
1377 1193 1408 1218 et
1439 1188 1616 1221 Fidenates
1652 1195 1685 1221 et

274 1247 427 1278 Faliscos
454 1247 611 1278 continet.

855 1353 917 1386 EX
943 1354 1031 1386 Llss.
1060 1354 1102 1385 V.

367 1431 405 1462 In
441 1431 615 1462 obsidione
642 1431 802 1462 Veiorum
837 1432 1058 1464 hibernacula
1095 1432 1257 1463 militibus
1291 1431 1381 1463 facta
1415 1438 1502 1463 sunt.
1552 1433 1603 1464 Ea
1632 1443 1682 1466 res

272 1501 372 1531 quum
401 1499 490 1523 esset
523 1503 625 1531 nova,
660 1493 927 1534 indignationem
955 1494 1163 1525 tribunorum
1189 1493 1299 1534 plebis
1326 1495 1445 1532 movit,
1473 1495 1680 1535 querentium

271 1563 337 1584 non
365 1553 434 1584 dari
461 1554 549 1595 plebi
578 1565 638 1586 nec
664 1566 723 1596 per
748 1555 893 1586 hiemem
921 1555 1046 1587 militiae
1072 1555 1231 1595 requiem.
1283 1555 1420 1595 Equites
1440 1562 1508 1587 tum
1536 1556 1679 1598 primum

270 1615 364 1655 equis
400 1616 467 1646 suis
500 1618 616 1647 mereri
643 1623 826 1659 coeperunt.
889 1616 998 1655 Quum
1035 1617 1210 1647 inundatio
1243 1626 1285 1647 ex
1318 1616 1392 1647 lacu
1420 1617 1556 1650 Albano
1590 1619 1681 1651 facta

270 1683 365 1714 esset,
387 1683 490 1712 vates,
519 1679 574 1719 qui
596 1688 669 1709 eam
689 1688 757 1709 rem
777 1679 1061 1720 interpretaretur,
1089 1688 1131 1708 ex
1151 1678 1304 1709 hostibus
1324 1683 1442 1719 eaptus
1460 1685 1518 1711 est.
1558 1680 1678 1712 Furius

271 1738 434 1770 Camillus
479 1740 624 1771 dictator
660 1741 772 1771 ‹leeem
813 1751 919 1771 annos
959 1740 1116 1771 obsessos
1153 1740 1259 1771 Veios
1303 1741 1408 1781 cepit,
1464 1741 1676 1773 simulacrum
1700 1748 1703 1749 ’

268 1798 397 1831 Iunonis
429 1801 572 1832 Romam
608 1802 795 1841 transtulit,
845 1802 1008 1832 decimam
1043 1802 1162 1842 praedae
1197 1802 1354 1842 Delphos
1387 1802 1544 1842 Apolliniv
1576 1803 1676 1834 misit.

267 1862 363 1893 Idem
390 1863 542 1895 tribunus
569 1863 710 1894 militum
739 1874 839 1903 quum
858 1863 1012 1894 Faliscos
1040 1862 1219 1898 obsideret,
1246 1864 1396 1903 proditos
1423 1863 1569 1894 hostium
1590 1864 1676 1896 lilios

267 1924 461 1964 parentibus
477 1925 614 1963 remisit,
634 1926 813 1966 statimque
832 1924 1000 1955 deditione
1019 1923 1109 1954 sacta
1124 1924 1344 1961 Faliscorum,
1362 1925 1534 1955 victoriam
1550 1925 1677 1956 institia

268 1991 469 2017 consecutus
503 1990 562 2018 est.
615 1986 727 2025 Quum
761 1986 845 2017 alter
879 1996 920 2017 ex
957 1986 1153 2017 censoribus
1191 1985 1227 2016 C.
1255 1985 1358 2017 Iulius
1391 1987 1606 2024 decessisset,
1642 1987 1675 2017 in

266 2047 379 2079 locum
401 2049 472 2078 cius
487 2047 534 2078 M.
551 2047 730 2080 Cornelius
749 2047 907 2079 suffectus
926 2057 992 2086 est,
1019 2057 1080 2078 nec
1099 2048 1131 2078 id
1151 2053 1267 2089 postea
1286 2047 1411 2079 sactum
1431 2054 1491 2086 est,
1517 2049 1673 2088 quoniam

266 2119 305 2141 eo
337 2109 445 2140 lustro
478 2119 497 2139 a
524 2110 629 2141 Gallis
656 2110 765 2140 Roma
799 2115 895 2150 capta
929 2114 988 2141 est.
1046 2110 1168 2141 Furius
1197 2108 1379 2147 Camillus,
1416 2119 1516 2150 quum
1544 2109 1572 2140 ei
1605 2109 1674 2140 dies

265 2171 306 2201 ab
322 2171 360 2202 L.
381 2171 527 2211 Apuleio
552 2172 686 2202 tribuno
712 2172 819 2212 plebis
844 2172 933 2202 dicta
959 2176 1055 2209 esset,
1082 2171 1115 2201 in
1137 2171 1289 2201 exsilium
1309 2171 1400 2201 abiit.
1455 2169 1563 2207 Quum
1584 2171 1672 2202 Galli

266 2231 418 2263 Senones
446 2231 595 2264 Clusium
624 2233 816 2264 obsiderent
841 2238 874 2264 et
898 2233 1000 2272 legati
1025 2242 1044 2262 a
1070 2238 1186 2263 senatu
1213 2233 1306 2263 missi
1335 2233 1375 2263 ad
1403 2233 1670 2273 componendam

264 2293 349 2324 inter
374 2304 431 2325 eos
457 2300 488 2325 et
511 2293 668 2326 Clusinos
693 2305 808 2336 pacem
835 2300 1020 2336 pugnantes
1047 2299 1162 2325 contra
1176 2292 1294 2325 Gallos
1318 2294 1351 2324 in
1370 2293 1440 2324 acie
1459 2293 1669 2325 Clusinorum

263 2355 324 2386 visi
356 2362 470 2393 essent,
502 2356 566 2387 hoc
598 2356 689 2387 sacto
721 2365 835 2387 eorum
863 2356 1019 2387 concitati
1048 2355 1197 2387 Senones
1232 2355 1348 2385 urbem
1374 2355 1498 2387 infesto
1524 2355 1672 2386 exercitu

263 2417 442 2458 petierunt,
469 2417 616 2457 fusisque
643 2418 684 2448 ad
704 2418 818 2449 Aliam
840 2418 1015 2453 Romanis,
1043 2426 1160 2458 cepere
1186 2416 1300 2447 urbem
1322 2422 1441 2457 praeter
1455 2416 1670 2458 Capitolium,

263 2487 329 2518 quo
348 2488 383 2509 se
405 2479 558 2509 iuventus
578 2478 781 2517 contulerat3
808 2479 952 2510 maiores
970 2484 1051 2510 natu
1069 2488 1142 2509 cum
1169 2478 1357 2518 insignibus
1383 2478 1558 2515 honorum,
1586 2488 1669 2519 quos

262 2540 402 2581 quisquc
429 2544 588 2580 gesserat,
615 2540 648 2570 in
670 2541 843 2571 vestibulis
861 2541 980 2571 oedium
999 2541 1151 2571 sedentes
1175 2540 1380 2571 occiderunt.
1430 2540 1473 2571 Et
1491 2550 1593 2582 quum
1611 2549 1670 2581 per

262 2611 411 2633 aversam
438 2607 565 2642 partem
593 2601 751 2643 Capitolii
778 2603 844 2633 iam
876 2603 908 2633 in
934 2612 1098 2633 summum
1125 2603 1328 2639 evasissent,
1363 2601 1485 2642 proditi
1512 2600 1669 2640 clangore

261 2673 417 2695 anserum
441 2662 488 2694 Μ.
504 2663 621 2694 Manlii
646 2664 813 2705 praecipue
834 2674 935 2705 opera
958 2664 1076 2695 deiecti
1099 2669 1187 2695 sunt.
1241 2663 1375 2695 Coactis
1393 2663 1513 2694 deinde
1535 2667 1669 2704 propter
