<?xml version="1.0" encoding="UTF-8"?>
<!DOCTYPE html PUBLIC "-//W3C//DTD XHTML 1.0 Transitional//EN"
    "http://www.w3.org/TR/xhtml1/DTD/xhtml1-transitional.dtd">
<html xmlns="http://www.w3.org/1999/xhtml" xml:lang="en" lang="en">
 <head>
  <title>
</title>
<meta http-equiv="Content-Type" content="text/html;charset=utf-8" />
  <meta name='ocr-system' content='tesseract 3.04.00' />
  <meta name='ocr-capabilities' content='ocr_page ocr_carea ocr_par ocr_line ocrx_word'/>
</head>
<body>
  <div class='ocr_page' id='page_1' title='image "./p1historiarumrom04livyuoft_0201.png"; bbox 0 0 1796 2929; ppageno 0'>
   <div class='ocr_carea' id='block_1_1' title="bbox 497 129 1451 170">
    <p class='ocr_par' dir='ltr' id='par_1_1' title="bbox 497 129 1451 170">
     <span class='ocr_line' id='line_1_1' title="bbox 497 129 1451 170; baseline 0.002 -7"><span class='ocrx_word' id='word_1_1' title='bbox 497 132 598 164; x_wconf 73' lang='lat' dir='ltr'>Liber</span> <span class='ocrx_word' id='word_1_2' title='bbox 623 132 748 163; x_wconf 82' lang='lat' dir='ltr'>XLlV.</span> <span class='ocrx_word' id='word_1_3' title='bbox 803 132 862 169; x_wconf 79' lang='grc' dir='ltr'>(Α.</span> <span class='ocrx_word' id='word_1_4' title='bbox 890 129 970 161; x_wconf 77' lang='lat' dir='ltr'>Chr.</span> <span class='ocrx_word' id='word_1_5' title='bbox 1004 130 1094 170; x_wconf 76' lang='lat'>169.)</span> <span class='ocrx_word' id='word_1_6' title='bbox 1382 131 1451 165; x_wconf 83' lang='grc'>167</span> 
     </span>
    </p>
   </div>
   <div class='ocr_carea' id='block_1_2' title="bbox 99 250 1512 1275">
    <p class='ocr_par' dir='ltr' id='par_1_2' title="bbox 99 250 1512 1275">
     <span class='ocr_line' id='line_1_2' title="bbox 100 250 1511 297; baseline -0.006 -4"><span class='ocrx_word' id='word_1_7' title='bbox 100 257 275 294; x_wconf 78' lang='lat' dir='ltr'>eonsules</span> <span class='ocrx_word' id='word_1_8' title='bbox 320 257 368 292; x_wconf 91' lang='lat' dir='ltr'>ad</span> <span class='ocrx_word' id='word_1_9' title='bbox 411 256 615 292; x_wconf 77' lang='lat' dir='ltr'>finiendum</span> <span class='ocrx_word' id='word_1_10' title='bbox 662 254 814 291; x_wconf 76' lang='lat' dir='ltr'>tandem</span> <span class='ocrx_word' id='word_1_11' title='bbox 861 254 896 290; x_wconf 82' lang='lat' dir='ltr'>id</span> <span class='ocrx_word' id='word_1_12' title='bbox 943 254 1082 290; x_wconf 75' lang='lat' dir='ltr'>bellum</span> <span class='ocrx_word' id='word_1_13' title='bbox 1123 257 1307 288; x_wconf 72' lang='lat' dir='ltr'>crearent.</span> <span class='ocrx_word' id='word_1_14' title='bbox 1375 250 1511 297; x_wconf 83' lang='lat' dir='ltr'>Itaque</span> 
     </span>
     <span class='ocr_line' id='line_1_3' title="bbox 99 321 1510 369; baseline -0.006 -7"><span class='ocrx_word' id='word_1_15' title='bbox 99 335 255 362; x_wconf 79' lang='lat' dir='ltr'>senatus</span> <span class='ocrx_word' id='word_1_16' title='bbox 278 325 490 361; x_wconf 81' lang='lat' dir='ltr'>consultum</span> <span class='ocrx_word' id='word_1_17' title='bbox 523 325 665 362; x_wconf 83' lang='lat' dir='ltr'>factum</span> <span class='ocrx_word' id='word_1_18' title='bbox 696 332 770 368; x_wconf 65' lang='lat' dir='ltr'>est,</span> <span class='ocrx_word' id='word_1_19' title='bbox 811 331 850 359; x_wconf 85' lang='lat' dir='ltr'>ut</span> <span class='ocrx_word' id='word_1_20' title='bbox 880 323 949 360; x_wconf 76' lang='lat' dir='ltr'>Cn.</span> <span class='ocrx_word' id='word_1_21' title='bbox 983 322 1167 358; x_wconf 58' lang='lat' dir='ltr'>servilius</span> <span class='ocrx_word' id='word_1_22' title='bbox 1201 321 1324 369; x_wconf 81' lang='lat' dir='ltr'>primo</span> <span class='ocrx_word' id='word_1_23' title='bbox 1358 332 1510 367; x_wconf 82' lang='lat' dir='ltr'>quoque</span> 
     </span>
     <span class='ocr_line' id='line_1_4' title="bbox 100 388 1509 443; baseline -0.005 -12"><span class='ocrx_word' id='word_1_24' title='bbox 100 403 272 443; x_wconf 81' lang='lat' dir='ltr'>tempore</span> <span class='ocrx_word' id='word_1_25' title='bbox 302 394 350 430; x_wconf 80' lang='lat' dir='ltr'>ad</span> <span class='ocrx_word' id='word_1_26' title='bbox 381 394 535 431; x_wconf 51' lang='lat' dir='ltr'>comitia¹</span> <span class='ocrx_word' id='word_1_27' title='bbox 566 394 743 430; x_wconf 81' lang='lat' dir='ltr'>habenda</span> <span class='ocrx_word' id='word_1_28' title='bbox 775 393 930 431; x_wconf 86' lang='lat' dir='ltr'>veniret.</span> <span class='ocrx_word' id='word_1_29' title='bbox 991 394 1155 429; x_wconf 69' lang='lat' dir='ltr'>senatus</span> <span class='ocrx_word' id='word_1_30' title='bbox 1178 390 1390 426; x_wconf 80' lang='lat' dir='ltr'>consultum</span> <span class='ocrx_word' id='word_1_31' title='bbox 1423 388 1509 425; x_wconf 68' lang='lat' dir='ltr'>Sul-</span> 
     </span>
     <span class='ocr_line' id='line_1_5' title="bbox 99 461 1510 512; baseline -0.004 -12"><span class='ocrx_word' id='word_1_32' title='bbox 99 465 219 512; x_wconf 84' lang='lat' dir='ltr'>picius</span> <span class='ocrx_word' id='word_1_33' title='bbox 250 469 391 511; x_wconf 81' lang='lat' dir='ltr'>praetor</span> <span class='ocrx_word' id='word_1_34' title='bbox 424 463 471 499; x_wconf 84' lang='lat' dir='ltr'>ad</span> <span class='ocrx_word' id='word_1_35' title='bbox 505 464 697 499; x_wconf 80' lang='lat' dir='ltr'>consulem</span> <span class='ocrx_word' id='word_1_36' title='bbox 737 465 833 498; x_wconf 76' lang='lat' dir='ltr'>misit</span> <span class='ocrx_word' id='word_1_37' title='bbox 873 463 1083 509; x_wconf 74' lang='lat' dir='ltr'>litterasque</span> <span class='ocrx_word' id='word_1_38' title='bbox 1113 461 1269 496; x_wconf 72' lang='lat' dir='ltr'>consulis</span> <span class='ocrx_word' id='word_1_39' title='bbox 1300 467 1386 508; x_wconf 82' lang='lat' dir='ltr'>post</span> <span class='ocrx_word' id='word_1_40' title='bbox 1415 471 1510 507; x_wconf 76' lang='lat' dir='ltr'>pau-</span> 
     </span>
     <span class='ocr_line' id='line_1_6' title="bbox 99 531 1508 580; baseline -0.004 -11"><span class='ocrx_word' id='word_1_41' title='bbox 99 545 164 569; x_wconf 87' lang='lat' dir='ltr'>cos</span> <span class='ocrx_word' id='word_1_42' title='bbox 196 533 275 568; x_wconf 90' lang='lat' dir='ltr'>dies</span> <span class='ocrx_word' id='word_1_43' title='bbox 306 533 501 577; x_wconf 70' lang='lat' dir='ltr'>recitavit,</span> <span class='ocrx_word' id='word_1_44' title='bbox 543 533 679 580; x_wconf 81' lang='lat' dir='ltr'>quibus</span> <span class='ocrx_word' id='word_1_45' title='bbox 715 541 803 569; x_wconf 80' lang='lat' dir='ltr'>ante</span> <span class='ocrx_word' id='word_1_46' title='bbox 834 533 932 569; x_wconf 79' lang='lat' dir='ltr'>diem</span> <span class='ocrx_word' id='word_1_47' title='bbox 964 535 985 554; x_wconf 65' lang='lat'>³⁷·</span> <span class='ocrx_word' id='word_1_48' title='bbox 1008 533 1029 553; x_wconf 65' lang='lat'>*¹⁶</span> <span class='ocrx_word' id='word_1_49' title='bbox 1062 531 1098 566; x_wconf 92' lang='lat' dir='ltr'>in</span> <span class='ocrx_word' id='word_1_50' title='bbox 1132 531 1262 566; x_wconf 85' lang='lat' dir='ltr'>urbem</span> <span class='ocrx_word' id='word_1_51' title='bbox 1295 538 1508 565; x_wconf 78' lang='lat' dir='ltr'>venturum.</span> 
     </span>
     <span class='ocr_line' id='line_1_7' title="bbox 100 600 1511 648; baseline -0.004 -10"><span class='ocrx_word' id='word_1_52' title='bbox 100 603 151 639; x_wconf 76' lang='lat' dir='ltr'>Et</span> <span class='ocrx_word' id='word_1_53' title='bbox 181 602 313 639; x_wconf 84' lang='lat' dir='ltr'>consul</span> <span class='ocrx_word' id='word_1_54' title='bbox 348 602 555 638; x_wconf 82' lang='lat' dir='ltr'>maturavit</span> <span class='ocrx_word' id='word_1_55' title='bbox 592 609 627 638; x_wconf 85' lang='lat' dir='ltr'>et</span> <span class='ocrx_word' id='word_1_56' title='bbox 660 602 815 638; x_wconf 83' lang='lat' dir='ltr'>comitia</span> <span class='ocrx_word' id='word_1_57' title='bbox 844 614 889 637; x_wconf 93' lang='lat' dir='ltr'>eo</span> <span class='ocrx_word' id='word_1_58' title='bbox 921 602 1002 645; x_wconf 74' lang='lat' dir='ltr'>die,</span> <span class='ocrx_word' id='word_1_59' title='bbox 1035 601 1098 648; x_wconf 85' lang='lat' dir='ltr'>qui</span> <span class='ocrx_word' id='word_1_60' title='bbox 1129 600 1251 635; x_wconf 82' lang='lat' dir='ltr'>dictus</span> <span class='ocrx_word' id='word_1_61' title='bbox 1284 605 1383 642; x_wconf 67' lang='lat' dir='ltr'>erat.</span> <span class='ocrx_word' id='word_1_62' title='bbox 1425 605 1511 634; x_wconf 83' lang='lat' dir='ltr'>sunt</span> 
     </span>
     <span class='ocr_line' id='line_1_8' title="bbox 100 670 1509 720; baseline -0.004 -12"><span class='ocrx_word' id='word_1_63' title='bbox 100 671 283 720; x_wconf 79' lang='lat' dir='ltr'>perfecta.</span> <span class='ocrx_word' id='word_1_64' title='bbox 349 670 534 708; x_wconf 75' lang='lat' dir='ltr'>Consules</span> <span class='ocrx_word' id='word_1_65' title='bbox 565 672 682 708; x_wconf 79' lang='lat' dir='ltr'>creati</span> <span class='ocrx_word' id='word_1_66' title='bbox 715 671 756 708; x_wconf 87' lang='lat' dir='ltr'>L.</span> <span class='ocrx_word' id='word_1_67' title='bbox 789 671 971 707; x_wconf 68' lang='lat' dir='ltr'>A&#39;Emilius</span> <span class='ocrx_word' id='word_1_68' title='bbox 1002 671 1147 707; x_wconf 75' lang='lat' dir='ltr'>Paulus</span> <span class='ocrx_word' id='word_1_69' title='bbox 1177 670 1334 711; x_wconf 61' lang='lat' dir='ltr'>iterum,</span> <span class='ocrx_word' id='word_1_70' title='bbox 1373 676 1509 715; x_wconf 80' lang='lat' dir='ltr'>quarto</span> 
     </span>
     <span class='ocr_line' id='line_1_9' title="bbox 99 737 1510 789; baseline -0.004 -12"><span class='ocrx_word' id='word_1_71' title='bbox 99 741 259 777; x_wconf 84' lang='lat' dir='ltr'>decumo</span> <span class='ocrx_word' id='word_1_72' title='bbox 290 753 390 777; x_wconf 90' lang='lat' dir='ltr'>anno</span> <span class='ocrx_word' id='word_1_73' title='bbox 422 748 521 789; x_wconf 73' lang='lat' dir='ltr'>post,</span> <span class='ocrx_word' id='word_1_74' title='bbox 562 753 675 789; x_wconf 83' lang='lat' dir='ltr'>quam</span> <span class='ocrx_word' id='word_1_75' title='bbox 710 741 832 788; x_wconf 82' lang='lat' dir='ltr'>primo</span> <span class='ocrx_word' id='word_1_76' title='bbox 864 741 996 778; x_wconf 84' lang='lat' dir='ltr'>consul</span> <span class='ocrx_word' id='word_1_77' title='bbox 1027 740 1173 784; x_wconf 62' lang='lat' dir='ltr'>fuerat„</span> <span class='ocrx_word' id='word_1_78' title='bbox 1204 746 1241 775; x_wconf 84' lang='lat' dir='ltr'>et</span> <span class='ocrx_word' id='word_1_79' title='bbox 1271 737 1314 775; x_wconf 93' lang='lat' dir='ltr'>C.</span> <span class='ocrx_word' id='word_1_80' title='bbox 1343 738 1510 774; x_wconf 85' lang='lat' dir='ltr'>Licinius</span> 
     </span>
     <span class='ocr_line' id='line_1_10' title="bbox 100 808 1510 856; baseline -0.002 -10"><span class='ocrx_word' id='word_1_81' title='bbox 100 808 275 847; x_wconf 79' lang='lat' dir='ltr'>Crassus.</span> <span class='ocrx_word' id='word_1_82' title='bbox 352 810 542 845; x_wconf 84' lang='lat' dir='ltr'>Praetores</span> <span class='ocrx_word' id='word_1_83' title='bbox 581 816 735 856; x_wconf 82' lang='lat' dir='ltr'>postero</span> <span class='ocrx_word' id='word_1_84' title='bbox 773 809 834 845; x_wconf 83' lang='lat' dir='ltr'>die</span> <span class='ocrx_word' id='word_1_85' title='bbox 867 809 958 846; x_wconf 76' lang='lat' dir='ltr'>facti</span> <span class='ocrx_word' id='word_1_86' title='bbox 991 809 1059 847; x_wconf 84' lang='lat' dir='ltr'>Cn.</span> <span class='ocrx_word' id='word_1_87' title='bbox 1091 810 1239 845; x_wconf 65' lang='lat' dir='ltr'>Bcebc&#39;us</span> <span class='ocrx_word' id='word_1_88' title='bbox 1268 808 1510 856; x_wconf 75' lang='lat' dir='ltr'>Tamphilus.</span> 
     </span>
     <span class='ocr_line' id='line_1_11' title="bbox 101 876 1510 922; baseline -0.003 -6"><span class='ocrx_word' id='word_1_89' title='bbox 101 880 145 918; x_wconf 88' lang='lat' dir='ltr'>L.</span> <span class='ocrx_word' id='word_1_90' title='bbox 163 879 324 915; x_wconf 80' lang='lat' dir='ltr'>Anicius</span> <span class='ocrx_word' id='word_1_91' title='bbox 355 878 506 922; x_wconf 82' lang='lat' dir='ltr'>Gallus,</span> <span class='ocrx_word' id='word_1_92' title='bbox 540 876 609 913; x_wconf 90' lang='lat' dir='ltr'>Cn.</span> <span class='ocrx_word' id='word_1_93' title='bbox 628 877 829 922; x_wconf 73' lang='lat' dir='ltr'>Octavius.</span> <span class='ocrx_word' id='word_1_94' title='bbox 862 880 904 917; x_wconf 89' lang='lat' dir='ltr'>P.</span> <span class='ocrx_word' id='word_1_95' title='bbox 923 879 1108 915; x_wconf 79' lang='lat' dir='ltr'>Fonteius</span> <span class='ocrx_word' id='word_1_96' title='bbox 1126 878 1283 921; x_wconf 71' lang='lat' dir='ltr'>Balbus,</span> <span class='ocrx_word' id='word_1_97' title='bbox 1316 879 1367 915; x_wconf 84' lang='lat' dir='ltr'>M.</span> <span class='ocrx_word' id='word_1_98' title='bbox 1385 878 1510 914; x_wconf 80' lang='lat' dir='ltr'>AEbn-</span> 
     </span>
     <span class='ocr_line' id='line_1_12' title="bbox 99 945 1511 995; baseline -0.002 -11"><span class='ocrx_word' id='word_1_99' title='bbox 99 948 172 984; x_wconf 86' lang='lat' dir='ltr'>tius</span> <span class='ocrx_word' id='word_1_100' title='bbox 205 947 316 992; x_wconf 73' lang='lat' dir='ltr'>Elva,</span> <span class='ocrx_word' id='word_1_101' title='bbox 348 947 393 986; x_wconf 83' lang='lat' dir='ltr'>C.</span> <span class='ocrx_word' id='word_1_102' title='bbox 411 947 591 995; x_wconf 83' lang='lat' dir='ltr'>Papirius</span> <span class='ocrx_word' id='word_1_103' title='bbox 622 945 764 986; x_wconf 77' lang='lat' dir='ltr'>Carbo.</span> <span class='ocrx_word' id='word_1_104' title='bbox 831 948 970 985; x_wconf 83' lang='lat' dir='ltr'>Omnia</span> <span class='ocrx_word' id='word_1_105' title='bbox 1005 956 1045 984; x_wconf 89' lang='lat' dir='ltr'>ut</span> <span class='ocrx_word' id='word_1_106' title='bbox 1076 948 1261 984; x_wconf 80' lang='lat' dir='ltr'>maturius</span> <span class='ocrx_word' id='word_1_107' title='bbox 1295 954 1511 995; x_wconf 70' lang='lat' dir='ltr'>agerentur,</span> 
     </span>
     <span class='ocr_line' id='line_1_13' title="bbox 101 1016 1510 1066; baseline -0.001 -13"><span class='ocrx_word' id='word_1_108' title='bbox 101 1017 188 1054; x_wconf 79' lang='lat' dir='ltr'>belli</span> <span class='ocrx_word' id='word_1_109' title='bbox 220 1017 460 1054; x_wconf 81' lang='lat' dir='ltr'>Macedonici</span> <span class='ocrx_word' id='word_1_110' title='bbox 490 1016 711 1053; x_wconf 75' lang='lat' dir='ltr'>stimulabat</span> <span class='ocrx_word' id='word_1_111' title='bbox 742 1030 845 1056; x_wconf 84' lang='lat' dir='ltr'>cura.</span> <span class='ocrx_word' id='word_1_112' title='bbox 898 1019 1034 1066; x_wconf 81' lang='lat' dir='ltr'>Itaque</span> <span class='ocrx_word' id='word_1_113' title='bbox 1065 1018 1286 1065; x_wconf 83' lang='lat' dir='ltr'>designatos</span> <span class='ocrx_word' id='word_1_114' title='bbox 1317 1016 1510 1064; x_wconf 77' lang='lat' dir='ltr'>extemplo</span> 
     </span>
     <span class='ocr_line' id='line_1_14' title="bbox 100 1086 1512 1135; baseline -0.002 -11"><span class='ocrx_word' id='word_1_115' title='bbox 100 1087 227 1124; x_wconf 73' lang='lat' dir='ltr'>sortiri</span> <span class='ocrx_word' id='word_1_116' title='bbox 257 1086 401 1135; x_wconf 83' lang='lat' dir='ltr'>placuit</span> <span class='ocrx_word' id='word_1_117' title='bbox 441 1086 681 1135; x_wconf 72' lang='lat' dir='ltr'>provincias.</span> <span class='ocrx_word' id='word_1_118' title='bbox 730 1094 791 1132; x_wconf 78' lang='lat' dir='ltr'>ut,</span> <span class='ocrx_word' id='word_1_119' title='bbox 836 1100 946 1133; x_wconf 75' lang='lat' dir='ltr'>cum,</span> <span class='ocrx_word' id='word_1_120' title='bbox 1000 1089 1072 1125; x_wconf 86' lang='lat' dir='ltr'>utri</span> <span class='ocrx_word' id='word_1_121' title='bbox 1103 1087 1336 1124; x_wconf 79' lang='lat' dir='ltr'>Macedonia</span> <span class='ocrx_word' id='word_1_122' title='bbox 1365 1086 1512 1122; x_wconf 85' lang='lat' dir='ltr'>consuli</span> 
     </span>
     <span class='ocr_line' id='line_1_15' title="bbox 100 1156 1511 1205; baseline -0.001 -12"><span class='ocrx_word' id='word_1_123' title='bbox 100 1157 236 1204; x_wconf 85' lang='lat' dir='ltr'>cuique</span> <span class='ocrx_word' id='word_1_124' title='bbox 266 1157 420 1205; x_wconf 85' lang='lat' dir='ltr'>praetori</span> <span class='ocrx_word' id='word_1_125' title='bbox 449 1156 582 1193; x_wconf 83' lang='lat' dir='ltr'>classis</span> <span class='ocrx_word' id='word_1_126' title='bbox 613 1156 822 1202; x_wconf 78' lang='lat' dir='ltr'>evenisset,</span> <span class='ocrx_word' id='word_1_127' title='bbox 852 1158 1031 1203; x_wconf 78' lang='lat' dir='ltr'>sciretur,</span> <span class='ocrx_word' id='word_1_128' title='bbox 1070 1164 1110 1194; x_wconf 87' lang='lat' dir='ltr'>ut</span> <span class='ocrx_word' id='word_1_129' title='bbox 1139 1158 1215 1194; x_wconf 87' lang='lat' dir='ltr'>iam</span> <span class='ocrx_word' id='word_1_130' title='bbox 1247 1157 1335 1193; x_wconf 87' lang='lat' dir='ltr'>inde</span> <span class='ocrx_word' id='word_1_131' title='bbox 1365 1157 1511 1204; x_wconf 83' lang='lat' dir='ltr'>cogita-</span> 
     </span>
     <span class='ocr_line' id='line_1_16' title="bbox 100 1226 1511 1275; baseline 0.001 -13"><span class='ocrx_word' id='word_1_132' title='bbox 100 1233 182 1263; x_wconf 85' lang='lat' dir='ltr'>rent</span> <span class='ocrx_word' id='word_1_133' title='bbox 212 1234 481 1274; x_wconf 69' lang='lat' dir='ltr'>pararentque,</span> <span class='ocrx_word' id='word_1_134' title='bbox 517 1239 601 1274; x_wconf 85' lang='lat' dir='ltr'>quae</span> <span class='ocrx_word' id='word_1_135' title='bbox 632 1226 730 1262; x_wconf 92' lang='lat' dir='ltr'>bello</span> <span class='ocrx_word' id='word_1_136' title='bbox 763 1227 846 1263; x_wconf 85' lang='lat' dir='ltr'>usui</span> <span class='ocrx_word' id='word_1_137' title='bbox 877 1227 1024 1273; x_wconf 75' lang='lat' dir='ltr'>forent,</span> <span class='ocrx_word' id='word_1_138' title='bbox 1055 1235 1308 1275; x_wconf 82' lang='lat' dir='ltr'>senatumque</span> <span class='ocrx_word' id='word_1_139' title='bbox 1338 1226 1511 1263; x_wconf 85' lang='lat' dir='ltr'>consule-</span> 
     </span>
    </p>
   </div>
   <div class='ocr_carea' id='block_1_3' title="bbox 99 1295 1532 1345">
    <p class='ocr_par' dir='ltr' id='par_1_3' title="bbox 99 1295 1532 1345">
     <span class='ocr_line' id='line_1_17' title="bbox 99 1295 1532 1345; baseline 0 -14"><span class='ocrx_word' id='word_1_140' title='bbox 99 1302 199 1341; x_wconf 76' lang='lat' dir='ltr'>rent,</span> <span class='ocrx_word' id='word_1_141' title='bbox 240 1295 270 1331; x_wconf 91' lang='lat' dir='ltr'>si</span> <span class='ocrx_word' id='word_1_142' title='bbox 303 1308 378 1343; x_wconf 82' lang='lat' dir='ltr'>qua</span> <span class='ocrx_word' id='word_1_143' title='bbox 410 1296 454 1332; x_wconf 79' lang='lat' dir='ltr'>de</span> <span class='ocrx_word' id='word_1_144' title='bbox 480 1309 522 1332; x_wconf 90' lang='lat' dir='ltr'>re</span> <span class='ocrx_word' id='word_1_145' title='bbox 552 1296 725 1332; x_wconf 84' lang='lat' dir='ltr'>consulto</span> <span class='ocrx_word' id='word_1_146' title='bbox 757 1309 853 1345; x_wconf 89' lang='lat' dir='ltr'>opus</span> <span class='ocrx_word' id='word_1_147' title='bbox 885 1304 995 1334; x_wconf 83' lang='lat' dir='ltr'>esset.</span> <span class='ocrx_word' id='word_1_148' title='bbox 1075 1297 1255 1340; x_wconf 63' lang='lat' dir='ltr'>Latium,</span> <span class='ocrx_word' id='word_1_149' title='bbox 1297 1296 1359 1331; x_wconf 89' lang='lat' dir='ltr'>ubi</span> <span class='ocrx_word' id='word_1_150' title='bbox 1392 1295 1532 1343; x_wconf 80' lang='lat' dir='ltr'>magi—-</span> 
     </span>
    </p>
   </div>
   <div class='ocr_carea' id='block_1_4' title="bbox 99 1365 1513 1758">
    <p class='ocr_par' dir='ltr' id='par_1_4' title="bbox 99 1365 1513 1758">
     <span class='ocr_line' id='line_1_18' title="bbox 100 1365 1512 1415; baseline -0.001 -14"><span class='ocrx_word' id='word_1_151' title='bbox 100 1373 262 1402; x_wconf 76' lang='lat' dir='ltr'>stratum</span> <span class='ocrx_word' id='word_1_152' title='bbox 292 1365 471 1410; x_wconf 77' lang='lat' dir='ltr'>inissent,</span> <span class='ocrx_word' id='word_1_153' title='bbox 522 1366 624 1413; x_wconf 89' lang='lat' dir='ltr'>quod</span> <span class='ocrx_word' id='word_1_154' title='bbox 657 1378 725 1413; x_wconf 89' lang='lat' dir='ltr'>per</span> <span class='ocrx_word' id='word_1_155' title='bbox 757 1366 961 1415; x_wconf 78' lang='lat' dir='ltr'>religiones</span> <span class='ocrx_word' id='word_1_156' title='bbox 991 1372 1141 1414; x_wconf 83' lang='lat' dir='ltr'>posset,</span> <span class='ocrx_word' id='word_1_157' title='bbox 1185 1365 1310 1413; x_wconf 90' lang='lat' dir='ltr'>primo</span> <span class='ocrx_word' id='word_1_158' title='bbox 1359 1377 1512 1413; x_wconf 87' lang='lat' dir='ltr'>quoque</span> 
     </span>
     <span class='ocr_line' id='line_1_19' title="bbox 100 1435 1512 1483; baseline 0 -13"><span class='ocrx_word' id='word_1_159' title='bbox 100 1444 272 1483; x_wconf 82' lang='lat' dir='ltr'>tempore</span> <span class='ocrx_word' id='word_1_160' title='bbox 301 1435 380 1471; x_wconf 87' lang='lat' dir='ltr'>fieri</span> <span class='ocrx_word' id='word_1_161' title='bbox 412 1435 575 1483; x_wconf 69' lang='lat' dir='ltr'>placere,</span> <span class='ocrx_word' id='word_1_162' title='bbox 606 1448 652 1472; x_wconf 91' lang='lat' dir='ltr'>ne</span> <span class='ocrx_word' id='word_1_163' title='bbox 679 1435 770 1483; x_wconf 87' lang='lat' dir='ltr'>quid</span> <span class='ocrx_word' id='word_1_164' title='bbox 802 1437 1008 1481; x_wconf 68' lang='lat' dir='ltr'>consulem,</span> <span class='ocrx_word' id='word_1_165' title='bbox 1040 1436 1099 1472; x_wconf 90' lang='lat' dir='ltr'>cui</span> <span class='ocrx_word' id='word_1_166' title='bbox 1132 1435 1296 1471; x_wconf 87' lang='lat' dir='ltr'>eundum</span> <span class='ocrx_word' id='word_1_167' title='bbox 1328 1435 1365 1470; x_wconf 93' lang='lat' dir='ltr'>in</span> <span class='ocrx_word' id='word_1_168' title='bbox 1383 1436 1512 1471; x_wconf 86' lang='lat' dir='ltr'>Maee-</span> 
     </span>
     <span class='ocr_line' id='line_1_20' title="bbox 100 1504 1513 1549; baseline 0 -9"><span class='ocrx_word' id='word_1_169' title='bbox 100 1504 254 1540; x_wconf 84' lang='lat' dir='ltr'>doniam</span> <span class='ocrx_word' id='word_1_170' title='bbox 286 1511 396 1549; x_wconf 72' lang='lat' dir='ltr'>esset,</span> <span class='ocrx_word' id='word_1_171' title='bbox 429 1512 584 1543; x_wconf 81' lang='lat' dir='ltr'>teneret.</span> <span class='ocrx_word' id='word_1_172' title='bbox 642 1505 715 1541; x_wconf 84' lang='lat' dir='ltr'>His</span> <span class='ocrx_word' id='word_1_173' title='bbox 747 1506 929 1549; x_wconf 66' lang='lat' dir='ltr'>decretis,</span> <span class='ocrx_word' id='word_1_174' title='bbox 961 1505 1181 1542; x_wconf 85' lang='lat' dir='ltr'>consulibus</span> <span class='ocrx_word' id='word_1_175' title='bbox 1214 1504 1329 1540; x_wconf 85' lang='lat' dir='ltr'>ltalia</span> <span class='ocrx_word' id='word_1_176' title='bbox 1360 1512 1396 1540; x_wconf 86' lang='lat' dir='ltr'>et</span> <span class='ocrx_word' id='word_1_177' title='bbox 1427 1505 1513 1540; x_wconf 85' lang='lat' dir='ltr'>Ma-</span> 
     </span>
     <span class='ocr_line' id='line_1_21' title="bbox 101 1573 1513 1622; baseline 0.001 -13"><span class='ocrx_word' id='word_1_178' title='bbox 101 1573 283 1619; x_wconf 77' lang='lat' dir='ltr'>cedonia,</span> <span class='ocrx_word' id='word_1_179' title='bbox 325 1574 552 1622; x_wconf 84' lang='lat' dir='ltr'>praetoribus</span> <span class='ocrx_word' id='word_1_180' title='bbox 584 1581 722 1622; x_wconf 81' lang='lat' dir='ltr'>praeter</span> <span class='ocrx_word' id='word_1_181' title='bbox 752 1575 848 1611; x_wconf 87' lang='lat' dir='ltr'>duas</span> <span class='ocrx_word' id='word_1_182' title='bbox 878 1575 1159 1612; x_wconf 84' lang='lat' dir='ltr'>iurisdictiones</span> <span class='ocrx_word' id='word_1_183' title='bbox 1190 1575 1227 1610; x_wconf 92' lang='lat' dir='ltr'>in</span> <span class='ocrx_word' id='word_1_184' title='bbox 1260 1575 1353 1610; x_wconf 86' lang='lat' dir='ltr'>urbe</span> <span class='ocrx_word' id='word_1_185' title='bbox 1381 1574 1513 1610; x_wconf 76' lang='lat' dir='ltr'>classis</span> 
     </span>
     <span class='ocr_line' id='line_1_22' title="bbox 100 1642 1512 1694; baseline 0 -15"><span class='ocrx_word' id='word_1_186' title='bbox 100 1649 137 1679; x_wconf 88' lang='lat' dir='ltr'>et·</span> <span class='ocrx_word' id='word_1_187' title='bbox 167 1643 357 1690; x_wconf 83' lang='lat' dir='ltr'>Hispania</span> <span class='ocrx_word' id='word_1_188' title='bbox 395 1649 431 1678; x_wconf 90' lang='lat' dir='ltr'>et</span> <span class='ocrx_word' id='word_1_189' title='bbox 461 1642 592 1680; x_wconf 82' lang='lat' dir='ltr'>Sicilia</span> <span class='ocrx_word' id='word_1_190' title='bbox 633 1650 670 1680; x_wconf 80' lang='lat' dir='ltr'>et-</span> <span class='ocrx_word' id='word_1_191' title='bbox 703 1643 882 1680; x_wconf 81' lang='lat' dir='ltr'>Sardinia</span> <span class='ocrx_word' id='word_1_192' title='bbox 922 1645 1129 1694; x_wconf 88' lang='lat' dir='ltr'>provinciae</span> <span class='ocrx_word' id='word_1_193' title='bbox 1169 1644 1375 1680; x_wconf 86' lang='lat' dir='ltr'>nominatae</span> <span class='ocrx_word' id='word_1_194' title='bbox 1415 1650 1512 1680; x_wconf 75' lang='lat' dir='ltr'>sunt.</span> 
     </span>
     <span class='ocr_line' id='line_1_23' title="bbox 99 1710 1513 1758; baseline 0 -9"><span class='ocrx_word' id='word_1_195' title='bbox 99 1710 307 1749; x_wconf 83' lang='lat' dir='ltr'>Consulum</span> <span class='ocrx_word' id='word_1_196' title='bbox 340 1712 502 1749; x_wconf 86' lang='lat' dir='ltr'>AEmilio</span> <span class='ocrx_word' id='word_1_197' title='bbox 532 1713 775 1758; x_wconf 82' lang='lat' dir='ltr'>Macedonia,</span> <span class='ocrx_word' id='word_1_198' title='bbox 808 1714 955 1750; x_wconf 83' lang='lat' dir='ltr'>Licinio</span> <span class='ocrx_word' id='word_1_199' title='bbox 987 1714 1103 1751; x_wconf 84' lang='lat' dir='ltr'>Italia</span> <span class='ocrx_word' id='word_1_200' title='bbox 1132 1715 1267 1752; x_wconf 82' lang='lat' dir='ltr'>evenit.</span> <span class='ocrx_word' id='word_1_201' title='bbox 1321 1715 1513 1750; x_wconf 77' lang='lat' dir='ltr'>Praetores</span> 
     </span>
    </p>
   </div>
   <div class='ocr_carea' id='block_1_5' title="bbox 99 1780 1511 1832">
    <p class='ocr_par' dir='ltr' id='par_1_5' title="bbox 99 1780 1511 1832">
     <span class='ocr_line' id='line_1_24' title="bbox 99 1780 1511 1832; baseline 0.001 -14"><span class='ocrx_word' id='word_1_202' title='bbox 99 1780 168 1818; x_wconf 75' lang='lat' dir='ltr'>Cn.</span> <span class='ocrx_word' id='word_1_203' title='bbox 200 1781 352 1817; x_wconf 84' lang='lat' dir='ltr'>Baebius</span> <span class='ocrx_word' id='word_1_204' title='bbox 383 1783 593 1821; x_wconf 78' lang='lat' dir='ltr'>urbanam.</span> <span class='ocrx_word' id='word_1_205' title='bbox 641 1783 682 1819; x_wconf 83' lang='lat' dir='ltr'>L.</span> <span class='ocrx_word' id='word_1_206' title='bbox 715 1783 875 1820; x_wconf 83' lang='lat' dir='ltr'>Anicius</span> <span class='ocrx_word' id='word_1_207' title='bbox 906 1784 1148 1832; x_wconf 81' lang='lat' dir='ltr'>peregrinam</span> <span class='ocrx_word' id='word_1_208' title='bbox 1193 1792 1228 1820; x_wconf 81' lang='lat' dir='ltr'>et</span> <span class='ocrx_word' id='word_1_209' title='bbox 1270 1783 1301 1819; x_wconf 84' lang='lat' dir='ltr'>si</span> <span class='ocrx_word' id='word_1_210' title='bbox 1347 1796 1422 1831; x_wconf 89' lang='lat' dir='ltr'>quo</span> <span class='ocrx_word' id='word_1_211' title='bbox 1454 1796 1511 1819; x_wconf 82' lang='lat' dir='ltr'>se-</span> 
     </span>
    </p>
   </div>
   <div class='ocr_carea' id='block_1_6' title="bbox 99 1960 1514 2434">
    <p class='ocr_par' dir='ltr' id='par_1_6' title="bbox 99 1960 1514 2434">
     <span class='ocr_line' id='line_1_25' title="bbox 100 1960 1510 2015; baseline 0.001 -16"><span class='ocrx_word' id='word_1_212' title='bbox 100 1972 119 1999; x_wconf 80' lang='lat'>3</span> <span class='ocrx_word' id='word_1_213' title='bbox 147 1978 257 2000; x_wconf 73' lang='lat' dir='ltr'>tamen</span> <span class='ocrx_word' id='word_1_214' title='bbox 284 1969 316 2015; x_wconf 56' lang='grc' dir='ltr'><em>ἰρ</em></span> <span class='ocrx_word' id='word_1_215' title='bbox 359 1970 390 2001; x_wconf 79' lang='grc'>2.</span> <span class='ocrx_word' id='word_1_216' title='bbox 417 1973 435 1999; x_wconf 84' lang='grc'><strong>3</strong></span> <span class='ocrx_word' id='word_1_217' title='bbox 466 1969 620 2000; x_wconf 74' lang='lat' dir='ltr'>habenda</span> <span class='ocrx_word' id='word_1_218' title='bbox 649 1960 669 2000; x_wconf 79' lang='lat' dir='ltr'>&#39;h</span> <span class='ocrx_word' id='word_1_219' title='bbox 697 1972 825 2001; x_wconf 78' lang='lat' dir='ltr'>ueniret</span> <span class='ocrx_word' id='word_1_220' title='bbox 862 1971 894 2003; x_wconf 82' lang='grc'>3,</span> <span class='ocrx_word' id='word_1_221' title='bbox 924 1975 940 2000; x_wconf 79' lang='grc'>2</span> <span class='ocrx_word' id='word_1_222' title='bbox 969 1970 1142 2000; x_wconf 79' lang='lat' dir='ltr'>consulem</span> <span class='ocrx_word' id='word_1_223' title='bbox 1169 1976 1243 2010; x_wconf 77' lang='lat' dir='ltr'>post</span> <span class='ocrx_word' id='word_1_224' title='bbox 1275 1970 1381 2002; x_wconf 70' lang='lat' dir='ltr'>Weiss.</span> <span class='ocrx_word' id='word_1_225' title='bbox 1413 1970 1510 2011; x_wconf 73' lang='lat' dir='ltr'>Gryn.</span> 
     </span>
     <span class='ocr_line' id='line_1_26' title="bbox 99 2025 1511 2068; baseline 0.001 -11"><span class='ocrx_word' id='word_1_226' title='bbox 99 2026 279 2057; x_wconf 71' lang='lat' dir='ltr'>asteriscum</span> <span class='ocrx_word' id='word_1_227' title='bbox 318 2025 385 2058; x_wconf 83' lang='lat' dir='ltr'>loco</span> <span class='ocrx_word' id='word_1_228' title='bbox 422 2027 579 2067; x_wconf 63' lang='lat' dir='ltr'>apposuit.</span> <span class='ocrx_word' id='word_1_229' title='bbox 649 2031 667 2057; x_wconf 84' lang='lat'>:3</span> <span class='ocrx_word' id='word_1_230' title='bbox 704 2028 791 2058; x_wconf 87' lang='lat' dir='ltr'>diem</span> <span class='ocrx_word' id='word_1_231' title='bbox 826 2029 859 2058; x_wconf 91' lang='lat' dir='ltr'>in</span> <span class='ocrx_word' id='word_1_232' title='bbox 894 2029 1010 2058; x_wconf 82' lang='lat' dir='ltr'>urbem</span> <span class='ocrx_word' id='word_1_233' title='bbox 1060 2025 1190 2068; x_wconf 76' lang='lat' dir='ltr'>Inteyra</span> <span class='ocrx_word' id='word_1_234' title='bbox 1224 2027 1375 2057; x_wconf 79' lang='lat' dir='ltr'>sententia</span> <span class='ocrx_word' id='word_1_235' title='bbox 1406 2027 1511 2058; x_wconf 65' lang='lat' dir='ltr'>leuius-</span> 
     </span>
     <span class='ocr_line' id='line_1_27' title="bbox 101 2081 1512 2125; baseline 0.002 -13"><span class='ocrx_word' id='word_1_236' title='bbox 101 2081 274 2124; x_wconf 72' lang='lat' dir='ltr'>modisere</span> <span class='ocrx_word' id='word_1_237' title='bbox 289 2084 378 2125; x_wconf 70' lang='lat' dir='ltr'>Jitz&#39;t:</span> <span class='ocrx_word' id='word_1_238' title='bbox 405 2084 527 2123; x_wconf 85' lang='lat' dir='ltr'>quibus</span> <span class='ocrx_word' id='word_1_239' title='bbox 553 2085 586 2115; x_wconf 86' lang='lat' dir='ltr'>iu</span> <span class='ocrx_word' id='word_1_240' title='bbox 615 2095 645 2115; x_wconf 80' lang='lat' dir='ltr'>a.</span> <span class='ocrx_word' id='word_1_241' title='bbox 665 2085 697 2115; x_wconf 90' lang='lat' dir='ltr'>d.</span> <span class='ocrx_word' id='word_1_242' title='bbox 717 2083 736 2104; x_wconf 61' lang='lat'>&#39;³‘</span> <span class='ocrx_word' id='word_1_243' title='bbox 755 2085 892 2116; x_wconf 84' lang='lat' dir='ltr'>comitia</span> <span class='ocrx_word' id='word_1_244' title='bbox 917 2084 1073 2115; x_wconf 71' lang='lat' dir='ltr'>edicebat</span> <span class='ocrx_word' id='word_1_245' title='bbox 1099 2084 1383 2124; x_wconf 83' lang='lat' dir='ltr'>promittebatque</span> <span class='ocrx_word' id='word_1_246' title='bbox 1410 2094 1444 2115; x_wconf 85' lang='lat' dir='ltr'>se</span> <span class='ocrx_word' id='word_1_247' title='bbox 1470 2085 1512 2115; x_wconf 85' lang='lat' dir='ltr'>ad</span> 
     </span>
     <span class='ocr_line' id='line_1_28' title="bbox 101 2140 1510 2183; baseline 0.001 -12"><span class='ocrx_word' id='word_1_248' title='bbox 101 2151 174 2171; x_wconf 83' lang='lat' dir='ltr'>eum</span> <span class='ocrx_word' id='word_1_249' title='bbox 209 2141 297 2171; x_wconf 80' lang='lat' dir='ltr'>diem</span> <span class='ocrx_word' id='word_1_250' title='bbox 331 2142 364 2171; x_wconf 91' lang='lat' dir='ltr'>in</span> <span class='ocrx_word' id='word_1_251' title='bbox 399 2151 429 2171; x_wconf 92' lang='lat' dir='ltr'>u.</span> <span class='ocrx_word' id='word_1_252' title='bbox 450 2151 479 2171; x_wconf 80' lang='lat' dir='ltr'>v.</span> <span class='ocrx_word' id='word_1_253' title='bbox 520 2141 621 2172; x_wconf 77' lang='lat' dir='ltr'>Verba</span> <span class='ocrx_word' id='word_1_254' title='bbox 653 2142 771 2173; x_wconf 81' lang='lat' dir='ltr'>incerta</span> <span class='ocrx_word' id='word_1_255' title='bbox 802 2148 882 2174; x_wconf 76' lang='lat' dir='ltr'>sunt.</span> <span class='ocrx_word' id='word_1_256' title='bbox 940 2141 972 2181; x_wconf 76' lang='lat'>4,</span> <span class='ocrx_word' id='word_1_257' title='bbox 1005 2144 1015 2171; x_wconf 96' lang='lat' dir='ltr'>l</span> <span class='ocrx_word' id='word_1_258' title='bbox 1047 2147 1200 2181; x_wconf 87' lang='lat' dir='ltr'>septumo</span> <span class='ocrx_word' id='word_1_259' title='bbox 1227 2142 1372 2173; x_wconf 83' lang='lat' dir='ltr'>decumo</span> <span class='ocrx_word' id='word_1_260' title='bbox 1401 2140 1510 2183; x_wconf 64' lang='lat' dir='ltr'>Sigon.</span> 
     </span>
     <span class='ocr_line' id='line_1_29' title="bbox 100 2197 1511 2252; baseline 0 -10"><span class='ocrx_word' id='word_1_261' title='bbox 100 2208 133 2246; x_wconf 81' lang='lat'>5,</span> <span class='ocrx_word' id='word_1_262' title='bbox 164 2212 175 2239; x_wconf 91' lang='lat'><em>1</em></span> <span class='ocrx_word' id='word_1_263' title='bbox 205 2215 328 2249; x_wconf 76' lang='lat' dir='ltr'>praewr</span> <span class='ocrx_word' id='word_1_264' title='bbox 355 2210 360 2248; x_wconf 88' lang='grc' dir='ltr'>Ι</span> <span class='ocrx_word' id='word_1_265' title='bbox 390 2197 442 2240; x_wconf 74' lang='lat' dir='ltr'>cn.</span> <span class='ocrx_word' id='word_1_266' title='bbox 469 2210 649 2251; x_wconf 79' lang='lat' dir='ltr'>pampilius</span> <span class='ocrx_word' id='word_1_267' title='bbox 676 2209 786 2251; x_wconf 57' lang='lat' dir='ltr'>Siqon.</span> <span class='ocrx_word' id='word_1_268' title='bbox 827 2211 942 2252; x_wconf 72' lang='lat' dir='ltr'>(Gryn.</span> <span class='ocrx_word' id='word_1_269' title='bbox 973 2210 1034 2240; x_wconf 90' lang='lat' dir='ltr'>Cn.</span> <span class='ocrx_word' id='word_1_270' title='bbox 1065 2210 1200 2241; x_wconf 80' lang='lat' dir='ltr'>Baebius</span> <span class='ocrx_word' id='word_1_271' title='bbox 1226 2210 1441 2252; x_wconf 79' lang='lat' dir='ltr'>Pamphilus)</span> <span class='ocrx_word' id='word_1_272' title='bbox 1492 2215 1511 2242; x_wconf 88' lang='grc'><strong>3</strong></span> 
     </span>
     <span class='ocr_line' id='line_1_30' title="bbox 100 2266 1512 2308; baseline 0.002 -12"><span class='ocrx_word' id='word_1_273' title='bbox 100 2266 201 2297; x_wconf 75' lang='lat' dir='ltr'>belna</span> <span class='ocrx_word' id='word_1_274' title='bbox 227 2272 249 2297; x_wconf 87' lang='lat' dir='ltr'>t.</span> <span class='ocrx_word' id='word_1_275' title='bbox 278 2266 428 2307; x_wconf 79' lang='lat' dir='ltr'>papirius</span> <span class='ocrx_word' id='word_1_276' title='bbox 494 2266 524 2304; x_wconf 81' lang='lat'>7,</span> <span class='ocrx_word' id='word_1_277' title='bbox 553 2272 570 2297; x_wconf 82' lang='lat'><strong>2</strong></span> <span class='ocrx_word' id='word_1_278' title='bbox 605 2279 674 2308; x_wconf 80' lang='lat' dir='ltr'>sqq.</span> <span class='ocrx_word' id='word_1_279' title='bbox 709 2268 838 2308; x_wconf 72' lang='lat' dir='ltr'>placuit</span> <span class='ocrx_word' id='word_1_280' title='bbox 872 2267 1151 2308; x_wconf 75' lang='lat' dir='ltr'>prouideanteum</span> <span class='ocrx_word' id='word_1_281' title='bbox 1189 2268 1253 2298; x_wconf 87' lang='lat' dir='ltr'>utri</span> <span class='ocrx_word' id='word_1_282' title='bbox 1287 2284 1327 2289; x_wconf 87' lang='lat'>—</span> <span class='ocrx_word' id='word_1_283' title='bbox 1363 2269 1512 2299; x_wconf 85' lang='lat' dir='ltr'>uenisset</span> 
     </span>
     <span class='ocr_line' id='line_1_31' title="bbox 99 2322 1512 2377; baseline 0 -10"><span class='ocrx_word' id='word_1_284' title='bbox 99 2322 266 2372; x_wconf 54' lang='lat' dir='ltr'>scin-etur,</span> <span class='ocrx_word' id='word_1_285' title='bbox 294 2340 330 2365; x_wconf 84' lang='lat' dir='ltr'>ut</span> <span class='ocrx_word' id='word_1_286' title='bbox 354 2335 420 2366; x_wconf 80' lang='lat' dir='ltr'>iam</span> <span class='ocrx_word' id='word_1_287' title='bbox 448 2335 520 2376; x_wconf 73' lang='lat' dir='ltr'>My.</span> <span class='ocrx_word' id='word_1_288' title='bbox 547 2335 722 2367; x_wconf 74' lang='lat' dir='ltr'>Em.570.</span> <span class='ocrx_word' id='word_1_289' title='bbox 774 2335 864 2366; x_wconf 83' lang='lat' dir='ltr'>Fort.</span> <span class='ocrx_word' id='word_1_290' title='bbox 888 2341 1044 2377; x_wconf 62' lang='lat' dir='ltr'>praeterea</span> <span class='ocrx_word' id='word_1_291' title='bbox 1067 2335 1286 2367; x_wconf 82' lang='lat' dir='ltr'>scribendum:</span> <span class='ocrx_word' id='word_1_292' title='bbox 1312 2337 1464 2373; x_wconf 76' lang='lat' dir='ltr'>sciretur,</span> <span class='ocrx_word' id='word_1_293' title='bbox 1492 2337 1512 2367; x_wconf 89' lang='lat' dir='ltr'>ii</span> 
     </span>
     <span class='ocr_line' id='line_1_32' title="bbox 101 2392 1514 2434; baseline 0.001 -12"><span class='ocrx_word' id='word_1_294' title='bbox 101 2393 165 2423; x_wconf 73' lang='lat' dir='ltr'>iam</span> <span class='ocrx_word' id='word_1_295' title='bbox 200 2392 277 2422; x_wconf 86' lang='lat' dir='ltr'>inde</span> <span class='ocrx_word' id='word_1_296' title='bbox 313 2392 427 2434; x_wconf 67' lang='lat' dir='ltr'>(Gi-yn.</span> <span class='ocrx_word' id='word_1_297' title='bbox 462 2393 589 2433; x_wconf 81' lang='lat' dir='ltr'>placuit</span> <span class='ocrx_word' id='word_1_298' title='bbox 620 2394 832 2433; x_wconf 79' lang='lat' dir='ltr'>prouincias,</span> <span class='ocrx_word' id='word_1_299' title='bbox 874 2399 909 2423; x_wconf 86' lang='lat' dir='ltr'>ut</span> <span class='ocrx_word' id='word_1_300' title='bbox 943 2394 1007 2424; x_wconf 85' lang='lat' dir='ltr'>utri</span> <span class='ocrx_word' id='word_1_301' title='bbox 1036 2411 1075 2415; x_wconf 91' lang='lat'><em>-</em></span> <span class='ocrx_word' id='word_1_302' title='bbox 1103 2394 1250 2425; x_wconf 83' lang='lat' dir='ltr'>uenisset</span> <span class='ocrx_word' id='word_1_303' title='bbox 1282 2394 1440 2424; x_wconf 79' lang='lat' dir='ltr'>sciretur:</span> <span class='ocrx_word' id='word_1_304' title='bbox 1479 2401 1514 2424; x_wconf 86' lang='lat' dir='ltr'>ut</span> 
     </span>
    </p>
   </div>
   <div class='ocr_carea' id='block_1_7' title="bbox 101 2453 1511 2615">
    <p class='ocr_par' dir='ltr' id='par_1_7' title="bbox 101 2453 1511 2615">
     <span class='ocr_line' id='line_1_33' title="bbox 102 2453 1511 2502; baseline 0.001 -12"><span class='ocrx_word' id='word_1_305' title='bbox 102 2461 166 2490; x_wconf 73' lang='lat' dir='ltr'>iam</span> <span class='ocrx_word' id='word_1_306' title='bbox 193 2461 270 2490; x_wconf 83' lang='lat' dir='ltr'>inde</span> <span class='ocrx_word' id='word_1_307' title='bbox 307 2477 359 2491; x_wconf 88' lang='lat'>——-.</span> <span class='ocrx_word' id='word_1_308' title='bbox 410 2459 477 2492; x_wconf 72' lang='lat' dir='ltr'>Ed.</span> <span class='ocrx_word' id='word_1_309' title='bbox 506 2460 613 2492; x_wconf 64' lang='lat' dir='ltr'>Basa.</span> <span class='ocrx_word' id='word_1_310' title='bbox 654 2463 837 2501; x_wconf 81' lang='lat' dir='ltr'>evenisset)</span> <span class='ocrx_word' id='word_1_311' title='bbox 902 2465 921 2492; x_wconf 88' lang='lat'><strong>3</strong></span> <span class='ocrx_word' id='word_1_312' title='bbox 960 2463 1026 2492; x_wconf 76' lang='lat' dir='ltr'>iam</span> <span class='ocrx_word' id='word_1_313' title='bbox 1064 2453 1153 2494; x_wconf 45' lang='lat' dir='ltr'>in’ide</span> <span class='ocrx_word' id='word_1_314' title='bbox 1192 2463 1426 2502; x_wconf 78' lang='lat' dir='ltr'>cogitarentur</span> <span class='ocrx_word' id='word_1_315' title='bbox 1494 2465 1511 2492; x_wconf 80' lang='lat'>5</span> 
     </span>
     <span class='ocr_line' id='line_1_34' title="bbox 101 2517 1511 2560; baseline 0.003 -14"><span class='ocrx_word' id='word_1_316' title='bbox 101 2517 126 2547; x_wconf 84' lang='lat' dir='ltr'>si</span> <span class='ocrx_word' id='word_1_317' title='bbox 169 2527 233 2557; x_wconf 78' lang='lat' dir='ltr'>qua</span> <span class='ocrx_word' id='word_1_318' title='bbox 273 2527 309 2548; x_wconf 86' lang='lat' dir='ltr'>re</span> <span class='ocrx_word' id='word_1_319' title='bbox 354 2517 461 2550; x_wconf 75' lang='lat' dir='ltr'>Weiss.</span> <span class='ocrx_word' id='word_1_320' title='bbox 531 2518 569 2555; x_wconf 83' lang='lat'>8,</span> <span class='ocrx_word' id='word_1_321' title='bbox 605 2522 624 2548; x_wconf 89' lang='grc'><strong>3</strong></span> <span class='ocrx_word' id='word_1_322' title='bbox 661 2528 770 2558; x_wconf 86' lang='lat' dir='ltr'>neque</span> <span class='ocrx_word' id='word_1_323' title='bbox 813 2518 984 2549; x_wconf 82' lang='lat' dir='ltr'>consulem</span> <span class='ocrx_word' id='word_1_324' title='bbox 1010 2519 1148 2551; x_wconf 76' lang='lat' dir='ltr'>Forchh.</span> <span class='ocrx_word' id='word_1_325' title='bbox 1194 2519 1268 2550; x_wconf 84' lang='lat' dir='ltr'>Em.</span> <span class='ocrx_word' id='word_1_326' title='bbox 1289 2518 1365 2550; x_wconf 81' lang='lat'>570</span> <span class='ocrx_word' id='word_1_327' title='bbox 1391 2519 1511 2560; x_wconf 73' lang='lat' dir='ltr'>(Gryn.</span> 
     </span>
     <span class='ocr_line' id='line_1_35' title="bbox 104 2575 1508 2615; baseline 0.001 -10"><span class='ocrx_word' id='word_1_328' title='bbox 104 2583 209 2614; x_wconf 81' lang='lat' dir='ltr'>neque</span> <span class='ocrx_word' id='word_1_329' title='bbox 241 2575 413 2606; x_wconf 84' lang='lat' dir='ltr'>consulem</span> <span class='ocrx_word' id='word_1_330' title='bbox 442 2592 481 2596; x_wconf 91' lang='lat'>—</span> <span class='ocrx_word' id='word_1_331' title='bbox 510 2575 630 2615; x_wconf 83' lang='lat' dir='ltr'>teneri)</span> <span class='ocrx_word' id='word_1_332' title='bbox 694 2576 732 2608; x_wconf 80' lang='lat'>9.</span> <span class='ocrx_word' id='word_1_333' title='bbox 761 2580 779 2606; x_wconf 88' lang='grc'><strong>3</strong></span> <span class='ocrx_word' id='word_1_334' title='bbox 812 2576 919 2606; x_wconf 80' lang='lat' dir='ltr'>sicilia</span> <span class='ocrx_word' id='word_1_335' title='bbox 959 2582 991 2607; x_wconf 81' lang='lat' dir='ltr'>et</span> <span class='ocrx_word' id='word_1_336' title='bbox 1016 2577 1105 2608; x_wconf 76' lang='lat' dir='ltr'>sardi</span> <span class='ocrx_word' id='word_1_337' title='bbox 1142 2582 1176 2608; x_wconf 82' lang='lat' dir='ltr'>et</span> <span class='ocrx_word' id='word_1_338' title='bbox 1211 2577 1357 2608; x_wconf 82' lang='lat' dir='ltr'>sardinia</span> <span class='ocrx_word' id='word_1_339' title='bbox 1408 2576 1464 2609; x_wconf 82' lang='lat'>10.</span> <span class='ocrx_word' id='word_1_340' title='bbox 1498 2579 1508 2606; x_wconf 88' lang='lat' dir='ltr'>l</span> 
     </span>
    </p>
   </div>
   <div class='ocr_carea' id='block_1_8' title="bbox 103 2642 581 2684">
    <p class='ocr_par' dir='ltr' id='par_1_8' title="bbox 103 2642 581 2684">
     <span class='ocr_line' id='line_1_36' title="bbox 103 2642 581 2684; baseline 0.004 -12"><span class='ocrx_word' id='word_1_341' title='bbox 103 2643 331 2674; x_wconf 75' lang='lat' dir='ltr'>macedoniam</span> <span class='ocrx_word' id='word_1_342' title='bbox 354 2642 360 2684; x_wconf 68' lang='grc' dir='ltr'>Ι</span> <span class='ocrx_word' id='word_1_343' title='bbox 381 2654 428 2684; x_wconf 78' lang='lat' dir='ltr'>pr.</span> <span class='ocrx_word' id='word_1_344' title='bbox 454 2654 503 2675; x_wconf 80' lang='lat' dir='ltr'>res</span> <span class='ocrx_word' id='word_1_345' title='bbox 530 2653 581 2674; x_wconf 83' lang='lat' dir='ltr'>cn.</span> 
     </span>
    </p>
   </div>
   <div class='ocr_carea' id='block_1_9' title="bbox 1549 1715 1595 1748">
    <p class='ocr_par' dir='ltr' id='par_1_9' title="bbox 1549 1715 1595 1748">
     <span class='ocr_line' id='line_1_37' title="bbox 1549 1715 1595 1748; baseline 0 0"><span class='ocrx_word' id='word_1_346' title='bbox 1549 1715 1595 1748; x_wconf 75' lang='lat' dir='ltr'>to</span> 
     </span>
    </p>
   </div>
  </div>
 </body>
</html>
