1753 2934
156 251 177 286 (ὑ

159 1359 180 1394 (l)

143 1784 149 1813 Ι
164 1786 183 1813 U

269 130 342 166 186
610 127 712 157 Liber
736 125 863 156 XLIV.
916 126 976 164 (A.
1006 135 1037 155 u.
1068 135 1094 155 e.
1125 124 1220 159 586.)

210 249 387 287 Romani.
432 247 496 284 Ad
519 246 706 284 Scodram
731 246 819 282 inde
848 253 1002 282 ventum
1034 251 1102 290 est,
1134 245 1236 293 quod
1267 245 1355 282 belli
1385 251 1500 293 caput
1528 251 1622 288 erat,

209 331 285 354 non
313 330 357 353 eo
388 316 524 360 solum,
557 316 660 363 quod
691 315 854 353 Gentius
896 328 980 352 eam
1012 314 1082 351 sibi
1113 320 1267 362 ceperat
1295 314 1399 351 velut
1426 313 1535 362 regni
1562 319 1621 350 to-

211 388 283 422 tius
313 397 453 428 arcem,
482 385 550 420 sed
571 385 686 421 etiam
708 385 810 433 qnod
840 385 1068 422 Labeatium
1092 384 1215 433 gentis
1237 383 1489 420 munitissima
1509 382 1622 430 longe

211 462 267 492 est
304 462 341 490 ct.
379 453 544 490 difficilis
583 454 700 490 aditu.
759 455 849 491 Duo
887 455 1042 503 cingunt
1072 467 1155 491 eam
1185 453 1362 497 flumina‚
1406 450 1564 489 Clausal
1600 463 1623 487 a

209 524 328 560 latere
356 523 480 568 urbis,
512 524 615 571 quod
644 524 681 560 in
714 524 896 560 orientem
927 532 1054 572 patet,
1086 524 1305 572 praefluens,
1335 523 1544 559 Barbanna
1574 521 1623 557 ab

209 594 365 641 regione
386 593 605 638 occidentis,
636 605 683 629 ex
704 594 917 630 Labeatide
946 594 1086 642 palude
1115 593 1252 629 oriens.
1310 592 1363 628 Ili
1395 591 1470 627 duo
1493 601 1624 626 amnes

211 664 443 699 confluentes
482 662 653 698 incidunt
683 662 845 699 Oriundi
883 663 1048 708 flumini,
1086 662 1210 710 quod,
1249 668 1371 698 ortum
1417 672 1465 696 ex
1498 666 1625 696 monte

210 732 372 777 Scordo,
402 732 529 768 multis
559 740 595 768 et
626 732 709 768 aliis
740 739 892 769 auctum
924 732 1048 780 aquis,
1079 731 1175 767 mari
1197 731 1423 767 Hadriatico
1452 729 1625 766 infertur.

211 803 325 838 Mons
347 801 527 846 Scordus,
548 801 662 850 longe
683 802 890 838 altissimus
911 802 1077 850 regionis
1107 802 1200 845 eius,
1231 801 1279 836 ab
1307 799 1451 836 oriente
1472 796 1626 835 Darda-

210 872 312 908 niam
336 871 545 908 subiectam
568 872 697 916 habet,
720 884 742 907 a
763 872 920 908 meridie
946 872 1228 915 Macedoniam,
1260 871 1308 907 ab
1340 881 1478 906 occasu
1501 867 1625 916 lllyri-

212 954 310 980 cum.
342 941 587 989 Quamquam
610 941 793 977 munitum
811 942 883 978 situ
905 941 1072 977 naturali
1093 941 1276 989 oppidum
1298 945 1379 976 erat
1400 950 1569 987 gensque
1588 937 1627 974 id

210 1018 293 1048 tota
322 1012 540 1060 lllyriorum
574 1018 611 1047 et
640 1023 707 1047 rex
741 1011 823 1059 ipse
851 1012 1049 1055 tuebatur,
1089 1017 1214 1046 tamen
1246 1015 1387 1058 praetor
1415 1009 1628 1051 Romanus,

211 1081 301 1129 quia
334 1081 458 1129 prima
478 1087 740 1117 successerant
764 1093 958 1129 prospere,
988 1081 1182 1117 fortunam
1214 1080 1330 1116 totius
1360 1078 1414 1115 rei
1441 1077 1628 1126 principia

210 1156 426 1187 secuturam
467 1163 550 1187 esse
586 1157 692 1187 ratus
731 1157 765 1187 et
808 1150 1046 1198 repentinum
1086 1150 1291 1186 valiturum
1330 1156 1535 1190 terrorem,
1571 1147 1627 1183 in-

211 1226 355 1256 structo
405 1221 573 1256 exercitu
615 1221 665 1257 ad
706 1220 847 1257 moenia
877 1219 1057 1258 succedit.
1126 1219 1239 1265 Quod
1269 1219 1299 1254 si
1331 1218 1470 1254 clausis
1508 1217 1629 1266 portis

212 1301 342 1325 muros
373 1295 650 1338 portarumque
681 1297 804 1326 turres
835 1289 1011 1338 dispositi
1043 1289 1182 1324 armati
1211 1288 1491 1333 defendissent,
1529 1300 1628 1323 vano

211 1371 297 1395 cum
345 1359 497 1407 incepto
547 1360 736 1396 moenibus
784 1359 1019 1408 pepulissent
1062 1360 1282 1403 Romanos3
1344 1370 1463 1402 nunc,
1515 1365 1631 1406 porta

215 1429 377 1478 egressi,
411 1430 586 1478 proelium
616 1431 702 1467 loco
733 1442 843 1478 aequo
875 1429 1020 1465 maiore
1051 1429 1179 1464 animo
1210 1429 1482 1465 commiserunt
1515 1439 1629 1475 quain

214 1500 483 1536 sustinuerunt.
541 1500 648 1537 Pulsi
681 1501 778 1537 enim
810 1506 847 1536 ct
875 1498 969 1547 fuga
997 1498 1229 1547 conglobati,
1261 1510 1344 1534 cum
1375 1496 1440 1535 CC
1468 1496 1632 1545 amplius

214 1570 251 1605 in
281 1569 375 1617 ipsis
405 1569 579 1605 faucibus
603 1576 722 1617 portae
753 1570 989 1607 cecidissent,
1021 1575 1166 1604 tantum
1197 1568 1405 1604 intulerunt
1433 1573 1631 1605 terrorem.

215 1646 256 1675 ut
287 1645 460 1675 oratores
493 1639 686 1686 extemplo
718 1639 767 1674 ad
799 1646 1001 1687 praetorem
1036 1637 1201 1674 mitteret
1233 1636 1397 1675 Gentius
1428 1636 1629 1672 Teuticum

217 1716 253 1745 et
279 1709 441 1747 Bellum.
473 1709 663 1756 principes
694 1709 829 1757 gentis,
860 1721 928 1756 per
959 1720 1054 1756 quos
1084 1707 1250 1743 indutias
1281 1711 1436 1754 petereu
1469 1711 1510 1741 ut
1539 1705 1630 1741 deli-

218 1781 351 1814 berare
392 1778 438 1814 de
474 1785 574 1814 statu
606 1791 731 1815 rerum
773 1790 928 1814 suarum
972 1783 1113 1826 posset.
1172 1777 1319 1813 Triduo
1358 1775 1395 1810 in
1426 1776 1498 1811 hoc
1529 1774 1633 1813 datos

217 1861 301 1885 cum
333 1855 461 1885 castra
480 1850 660 1885 Romana
691 1848 918 1896 quingentos
949 1847 1069 1883 ferme
1090 1859 1226 1895 passus
1258 1847 1306 1882 ab
1329 1845 1422 1881 urbe
1443 1845 1632 1884 abessent,

216 1930 354 1954 navem
404 1919 624 1955 conscendit
677 1924 713 1954 et
758 1918 912 1954 flumine
958 1917 1167 1953 Barbanna
1215 1915 1373 1963 navigat
1428 1914 1465 1950 in
1507 1912 1631 1949 lacum

218 2140 249 2173 2,
280 2142 291 2169 l
321 2139 500 2169 snondrarn
524 2138 529 2178 1
552 2139 594 2169 ad
621 2138 711 2178 quod
737 2138 1015 2178 bellicapotucrat
1045 2136 1141 2177 Gryn.
1184 2135 1235 2175 (id
1261 2135 1351 2175 quod
1378 2135 1409 2165 b.
1438 2144 1465 2165 c.
1494 2133 1633 2174 fuerat),

219 2195 326 2227 Drak.
356 2196 479 2235 (crat),
509 2195 641 2237 Kreyss.
670 2196 745 2235 (om.
774 2195 832 2233 ad)
891 2199 909 2225 2
939 2199 1095 2234 coeperat
1159 2197 1177 2223 3
1205 2193 1306 2223 etium
1332 2203 1433 2233 supra
1465 2191 1580 2232 scripto
1615 2201 1635 2222 a

219 2254 251 2290 3,
282 2257 293 2283 l
325 2254 389 2292 cal
416 2254 512 2295 Grgsn.
541 2259 570 2284 et
593 2253 686 2284 ceteri
713 2253 872 2284 Clausala
897 2252 1000 2282 latere
1067 2256 1085 2281 2
1127 2250 1227 2291 (ἔγ-μη.
1263 2250 1423 2280 Bai-bana
1471 2253 1490 2279 3
1518 2249 1634 2279 laboc-

221 2311 304 2341 tisde
357 2310 422 2343 4.1
453 2311 498 2341 hii
550 2315 568 2341 3
597 2311 719 2342 scodra
743 2309 851 2341 Drak.
881 2309 1000 2350 (Gryn.
1030 2307 1178 2348 Scodro)
1246 2307 1285 2345 5,
1317 2310 1329 2337 1
1359 2306 1498 2338 scodrus
1524 2305 1632 2337 Drak.

221 2379 391 2410 altissimis
419 2379 425 2421 1
454 2380 608 2421 eiuscius
639 2380 643 2419 Ι
675 2379 891 2410 dai-danicam
925 2365 1132 2409 subciectam
1200 2376 1232 2414 ὃ,
1263 2380 1274 2406 l
1305 2375 1412 2406 nai-ali
1435 2375 1441 2417 1
1463 2384 1634 2415 gensquae-

220 2437 314 2467 idota
389 2441 408 2466 4
435 2444 590 2468 secutura
615 2447 670 2468 ese
695 2436 794 2467 altero
821 2447 835 2467 s
861 2447 960 2477 supra
978 2435 1092 2476 scripto
1168 2433 1198 2471 7,
1235 2437 1246 2463 l
1280 2438 1396 2474 portus
1454 2436 1472 2463 2
1500 2433 1600 2464 turris
1629 2431 1634 2473 1

221 2495 380 2535 disposita
409 2494 528 2524 armati
557 2493 628 2535 My.
656 2493 729 2525 Em.
746 2494 818 2525 52⁵2
845 2493 964 2534 (Gr-yn.
994 2492 1164 2533 dispositis
1191 2490 1343 2530 armatis)
1386 2494 1405 2521 3
1431 2490 1635 2531 pepulissem

221 2562 254 2600 8,
281 2566 300 2593 2
326 2563 403 2594 loca
436 2563 441 2602 Ι
475 2563 587 2593 animo
614 2572 714 2602 quam
741 2563 982 2593 commiserunt
1008 2570 1109 2601 quam
1175 2560 1206 2598 9,
1235 2563 1253 2590 2
1281 2548 1415 2599 insipsis
1470 2562 1489 2590 3
1515 2565 1635 2600 praeto-

220 2619 442 2664 resemitteret
490 2636 508 2662 4
536 2619 718 2672 etpbellum
768 2630 823 2669 10,
846 2635 865 2662 3
892 2631 1028 2662 babano
1053 2631 1216 2670 nauigant
