1742 2902
180 1342 226 1376 10

178 1479 217 1514 11

179 1829 225 1864 13

325 103 397 138 122
666 100 769 132 Liber
793 99 921 131 XLIII.
979 100 1037 139 (A.
1066 109 1096 130 u.
1122 109 1150 131 c.
1179 102 1271 138 584.)

263 234 417 270 agrum,
464 223 527 269 qui
558 221 672 269 paulo
715 229 803 258 ante
841 222 984 270 ingenti
1024 222 1186 259 tumultu
1227 227 1395 267 arserat,
1439 222 1670 270 peragravit.

264 292 357 328 Ilaee
387 291 521 326 leuitas
552 292 745 339 praetoris,
784 304 861 339 qua
889 292 970 327 siue
999 292 1184 340 sanguiue
1213 291 1487 328 ferocissimam
1519 299 1671 340 gentem

262 360 484 404 domuerat,
533 373 578 396 eo
615 362 762 409 gratior
802 361 902 410 plebi
940 362 1190 410 patribusque
1234 361 1323 407 suit,
1369 374 1443 408 quo
1483 361 1671 400 crudelius

262 429 493 476 avariusque
528 430 566 466 in
600 430 753 467 Graecia.
790 432 971 468 bellatum
1014 439 1050 468 et
1089 433 1137 468 ab
1176 431 1330 467 consule
1361 431 1508 466 Licinio
1545 437 1581 466 et
1623 431 1672 468 ab

262 498 441 534 Lucretio
487 507 649 547 praetore
692 508 785 536 erat.
863 502 1079 538 Lucretium
1121 502 1262 537 tribuni
1307 501 1428 549 plebis
1477 501 1673 537 absentem

261 569 502 604 contionibus
533 570 702 605 adsiduis
739 570 983 615 lacerabant,
1023 585 1106 607 cum
1146 571 1362 619 reipublicae
1392 582 1510 606 causa
1539 571 1674 624 abesse

261 647 529 682 excusat-etum
566 639 632 674 sed
663 647 741 674 tum
774 641 870 675 adeo
903 641 1028 676 vicina
1058 641 1171 676 etiam
1204 641 1446 688 inexplorata
1475 646 1595 685 erant,
1633 643 1675 676 ut

259 709 291 744 is
322 722 366 744 eo
399 717 570 756 tempore
599 709 636 745 in
669 722 763 757 agro
794 722 864 745 suo
895 710 1044 745 Antiati
1080 718 1179 746 esset
1210 723 1429 757 aquamque
1459 722 1506 745 ex
1541 721 1674 745 manu-

260 779 331 814 biis
364 779 521 814 Autium
565 791 614 814 ex
654 779 808 814 flumine
852 780 1051 815 Loracinae
1091 780 1256 816 duceret.
1322 780 1365 815 Id
1397 792 1493 827 opus
1524 786 1675 816 centum

259 849 414 897 triginta
456 849 606 884 milibus
648 849 732 884 aeris
770 849 917 884 locasse
961 850 1110 888 dicitur.
1182 850 1344 886 Tabulis
1382 861 1534 896 quoque
1563 849 1674 897 pictis

260 930 306 953 ex
337 919 467 966 praeda
496 918 626 954 fanum
660 919 861 967 AEsculapi
893 920 1106 955 exornavit.
1179 920 1368 956 Invidiam
1399 918 1675 966 infamiamque

260 989 309 1023 ab
339 989 516 1024 Lucretio
548 996 766 1024 averterunt
795 990 832 1025 iu
864 990 1136 1034 IIorteneiutn,
1167 1002 1424 1025 successorem
1461 989 1560 1033 eius,
1590 988 1674 1025 Ab·

258 1057 387 1093 deritae
417 1059 545 1106 legati,
575 1060 709 1094 flente&
738 1067 825 1095 ante
857 1059 1000 1094 curiam
1034 1066 1322 1107 querentesque,
1352 1059 1532 1106 oppidum
1563 1070 1674 1094 suum

260 1129 308 1163 ab
343 1129 552 1164 Hortensio
583 1138 842 1176 exptgnatum
876 1142 920 1165 ac
951 1130 1139 1177 direptum
1172 1142 1267 1165 esse.
1338 1128 1504 1165 Causam
1537 1127 1675 1164 excidii

258 1197 376 1234 fuisse
418 1199 520 1242 urbi,
567 1198 686 1245 quod,
733 1210 816 1234 eum
860 1208 1008 1235 centum
1050 1200 1152 1236 inilia
1192 1199 1389 1236 denarium
1431 1206 1468 1234 et
1498 1198 1612 1234 tritici
1644 1198 1675 1235 L

259 1269 364 1304 milia
404 1269 572 1303 modium
610 1268 828 1316 imperaret,
869 1270 1033 1317 spatium
1076 1271 1271 1318 petierint,
1311 1282 1386 1317 quo
1416 1269 1462 1304 de
1492 1281 1538 1305 ea
1567 1281 1610 1304 re
1639 1273 1678 1304 et

260 1339 309 1374 ad
344 1338 548 1374 Hostilium
580 1338 773 1373 consulem
806 1346 843 1374 et
874 1340 1037 1375 Romam
1072 1340 1261 1375 mitterent
1292 1340 1451 1387 legatos.
1502 1339 1673 1375 Vixdum

258 1409 306 1445 ad
339 1408 531 1443 consulem
563 1419 603 1443 se
634 1409 873 1456 pervenisse,
920 1416 956 1445 et
993 1410 1145 1459 audisse
1187 1410 1367 1458 oppidum
1399 1416 1673 1458 expugnatum,

258 1479 447 1527 prim-spes
477 1478 600 1513 securi
630 1490 844 1526 percussos,
871 1479 940 1515 sub
963 1492 1105 1515 corona
1132 1487 1278 1516 ceteros
1304 1480 1464 1515 venisse.
1511 1479 1675 1527 Indigna

255 1560 312 1583 res
349 1548 496 1583 senatui
526 1549 633 1591 visa,
678 1548 1003 1596 decreveruntque
1034 1550 1167 1586 eadem
1198 1551 1245 1585 de
1276 1549 1484 1593 Abderitis,
1515 1561 1600 1596 quae
1629 1549 1674 1584 de

256 1617 452 1654 Coronaeis
497 1619 745 1654 decreverant
792 1619 918 1666 priore
961 1632 1082 1663 auno,
1133 1620 1344 1666 eademque
1388 1631 1458 1665 pro
1495 1619 1672 1655 contione

255 1688 403 1724 edicere
443 1689 489 1735 Q.
519 1689 696 1724 Maenium
736 1696 935 1736 praetorem
975 1690 1175 1728 iusserunt.
1242 1690 1293 1725 Et
1332 1688 1447 1736 legati
1491 1689 1586 1733 duo,
1625 1687 1670 1725 C.

255 1758 506 1805 Sempronius
539 1758 703 1803 Blaesus,
745 1760 833 1796 Sex.
866 1759 985 1795 Iulius
1017 1759 1166 1803 Caesar,
1198 1760 1246 1795 ad
1276 1759 1529 1795 restituendos
1559 1759 1596 1794 in
1627 1758 1671 1794 li-

257 1828 442 1863 bertatem
475 1828 685 1863 Abderitas
721 1828 836 1863 missi.
918 1829 1057 1864 lisdem
1091 1830 1335 1873 mandatum,
1365 1836 1406 1864 ut
1436 1836 1473 1864 et
1502 1828 1670 1864 Hostilio

256 1897 404 1933 consuli
454 1904 490 1932 et,
527 1898 737 1934 Hortensio
778 1899 931 1946 praetori
971 1899 1210 1943 nuntiarent,
1255 1904 1428 1933 senatum
1472 1897 1670 1934 Abderitis

255 1967 433 2002 iniustum
468 1967 605 2003 bellum
638 1968 821 2012 inlatum,
852 1969 1102 2016 conquirique
1133 1980 1286 2013 omneS,
1327 1967 1391 2015 qui
1421 1968 1457 2004 in
1488 1967 1670 2004 servitute

255 2037 340 2081 siut,
371 2044 408 2072 et
436 2038 581 2074 restitui
613 2038 650 2073 iu
681 2038 907 2080 libertatem.v
938 2051 1055 2074 aecurn
1088 2050 1252 2074 censere.

254 2256 286 2294 4,
303 2260 322 2287 3
338 2267 401 2296 que
427 2257 458 2293 5,
478 2261 489 2288 l
509 2258 581 2288 sine
597 2258 796 2297 sanguinem
834 2257 866 2295 6,
884 2260 902 2287 3
919 2261 1065 2287 eranttut
1091 2261 1110 2287 4
1130 2256 1174 2287 H.
1190 2257 1222 2286 iu
1235 2265 1274 2286 eo
1288 2264 1370 2295 agro
1383 2257 1386 2297 ἢ
1399 2259 1486 2286 esset
1499 2263 1668 2296 quamque

256 2325 286 2363 7,
304 2330 322 2356 2
338 2316 489 2357 lot-‹jasse
515 2326 547 2362 S,
564 2330 581 2356 2
597 2331 789 2356 auerterent
810 2326 814 2365 Ι
837 2326 986 2357 abdet-ite
1018 2329 1037 2355 3
1066 2331 1320 2364 qumi-cutesque
1357 2324 1388 2360 9,
1410 2327 1428 2354 2
1451 2333 1526 2354 cum
1542 2323 1574 2354 in
1590 2332 1668 2353 cen-

257 2388 326 2413 tum
339 2384 429 2413 milia
455 2384 806 2427 3impot1aretJGryn.
819 2384 985 2424 petierunt
998 2414 1001 2422 ,
1015 2383 1103 2422 quod
1117 2392 1200 2412 care
1226 2382 1280 2418 10,
1297 2385 1307 2412 l
1323 2381 1624 2421 legatosstuixdum
1646 2383 1666 2411 3

256 2449 434 2480 percussos
473 2451 595 2471 corona
635 2442 696 2472 sub
728 2448 856 2472 ceteros
926 2441 1060 2482 uenisse
1097 2446 1129 2470 et
1167 2440 1301 2470 audisse
1345 2440 1350 2477 Ι
1396 2437 1668 2477 indignesenatui

259 2496 356 2529 Grou.
374 2498 492 2539 [Gryn.
512 2497 655 2537 Indigna
669 2499 815 2535 senatui)
843 2498 896 2535 11,
913 2502 931 2529 2
948 2508 1012 2538 que
1031 2497 1181 2528 cotoneis
1221 2501 1239 2528 3
1255 2497 1472 2535 eandemquae
1502 2501 1520 2526 4
1536 2496 1667 2526 edicere

255 2564 329 2596 quae
356 2556 510 2585 maeuium
577 2555 630 2591 12,
659 2560 677 2586 2
705 2556 832 2586 blosius
883 2559 901 2586 3
929 2555 1087 2585 abdet-itis
1144 2554 1197 2592 13,
1228 2558 1240 2585 1
1270 2554 1376 2585 isdem
1426 2557 1445 2584 2
1472 2554 1668 2584 nuntiarent

255 2620 372 2644 senatu
400 2614 592 2643 nuntiarent
618 2613 779 2645 abdet-itis
828 2615 848 2641 3
871 2613 1116 2653 conquaeriquae
