1742 2902
891 147 934 172 vl

203 266 291 302 dum
333 278 408 302 non
439 265 767 301 accommodanda
798 265 967 300 codicem
997 266 1115 301 secuti
1145 277 1298 309 sumus,
1328 273 1511 314 quantum
1543 277 1613 314 po-

203 321 354 362 tuimus,
398 327 433 356 et
475 320 511 355 in
543 319 677 355 ceteris
710 319 944 366 antiquiores
975 318 1143 361 formas,
1174 331 1258 367 quae
1292 320 1443 367 quidem
1483 321 1613 368 probae

202 375 431 416 viderentur,
466 380 531 409 aut
559 381 789 411 constanter.
812 374 979 409 codicem
1002 374 1132 418 secuti,
1163 374 1352 410 tenuimus
1382 375 1437 418 (ut
1469 374 1507 409 in
1537 375 1612 410 obi-

201 442 288 466 cere.
322 429 443 476 adque
484 441 552 476 pro
595 434 722 476 atque,
761 427 860 471 aliis)
893 436 958 463 ant
987 428 1107 464 sicubi
1139 429 1277 465 oblatae
1307 436 1431 465 essent
1461 430 1517 471 (ut
1547 440 1610 477 op-

201 486 320 527 tinere,
356 489 533 531 optumus,
567 484 672 520 haut.
707 483 865 526 reccido,
896 483 1067 525 redduco,
1098 484 1273 525 derectus,
1303 485 1441 525 clivom,
1474 495 1609 531 oequom

199 545 234 573 et
269 550 392 581 aecum,
425 541 577 578 anticus,
608 540 769 586 captivos
789 538 1025 574 nominativo
1047 540 1211 584 casu)'),
1243 538 1338 582 alia,
1377 550 1460 586 quae
1491 549 1611 584 quan-

199 605 312 640 quam
346 593 695 640 antiquissimorum
728 593 898 629 codicum
932 605 999 628 usu
1031 593 1285 635 stabiliuntur,
1317 602 1442 629 tamen
1474 592 1608 628 vitiosa

197 656 283 683 sunt
306 652 359 690 (ut
375 660 526 695 proeces,
549 648 745 695 deproecor,
767 649 939 695 quau-or),
969 648 1005 682 iu
1036 648 1346 683 annotationibus
1377 647 1609 694 reliquimus.

198 702 418 739 Genitivnm
461 703 654 738 nominum
688 703 927 751 propriorum
959 702 994 737 in
1022 704 1077 737 ius
1099 710 1132 738 et
1163 705 1234 738 ium.
1265 703 1482 738 exeuntium
1515 714 1610 750 quo-

196 756 297 793 niam
341 757 463 793 codex
502 766 722 794 constanter
760 770 833 792 una
865 757 990 793 littera
1019 759 1033 792 τ’
1062 758 1249 801 terminat,
1281 758 1335 793 sie
1369 756 1608 804 scripsimus;

195 811 232 847 in
264 812 398 847 ceteris
439 813 656 848 nominibus
694 813 874 860 quoniam
908 819 947 848 ut
985 824 1059 847 non
1091 825 1178 848 raro
1209 812 1372 860 simplex
1403 814 1425 854 τ’,
1456 811 1509 847 ita
1539 823 1608 847 sae-

194 866 278 914 pius
313 867 454 914 duplex
485 867 634 914 legitur,
665 880 904 904 communem
934 867 1119 903 rationem
1153 867 1352 905 tenuimus,
1383 866 1609 913 antiquiore,

194 921 257 957 ubi
288 930 442 958 servata
472 929 577 961 erat.
623 920 813 967 1iotata.‘²)
873 922 1129 958 Accusativos
1162 934 1315 969 quoque
1347 922 1464 957 tertiae
1494 920 1608 957 decli-

193 976 358 1012 nationis
389 979 419 1012 is
447 977 580 1013 litteris
612 978 834 1013 terminatos
859 977 896 1012 in
926 977 1175 1013 annotatione
1201 977 1435 1024 reliquimuS,
1465 988 1512 1012 ne
1542 982 1607 1012 aut

192 1030 447 1067 inconstantia
488 1040 525 1067 et
567 1031 775 1068 offenderet
817 1041 851 1068 et
883 1044 1049 1068 errorem
1082 1032 1263 1068 obiiceret
1298 1040 1363 1067 aut
1393 1030 1607 1067 constantIa

192 1086 229 1121 in
260 1086 325 1122 illa
356 1087 478 1122 foi-ma
511 1087 745 1123 restituenda
790 1087 909 1123 multo
940 1087 1122 1122 maiorem
1155 1086 1363 1122 annotandi
1395 1086 1605 1122 molestiam

191 1141 361 1178 haberet.
377 1139 407 1189 ῃ)
469 1143 527 1178 De
559 1142 642 1177 aliis
672 1155 748 1177 non
778 1142 940 1190 receptis
972 1142 1043 1187 (ali
1072 1154 1140 1188 pro
1174 1143 1249 1178 alii.
1284 1144 1377 1187 reglis
1408 1153 1477 1189 pro
1500 1142 1607 1187 reyz'is

191 1198 294 1242 cett.)
326 1197 451 1233 dicere
474 1197 564 1233 nihil
587 1197 732 1233 attinet.
792 1198 984 1233 Numeros
1008 1196 1107 1232 notis
1129 1206 1194 1232 aut
1216 1197 1350 1232 litteris
1372 1196 1605 1244 scripsimus,

190 1252 294 1287 utin
325 1252 456 1288 codice
486 1259 580 1294 erat,
613 1264 681 1287 nec
713 1260 838 1288 tamen
873 1254 908 1287 in
940 1252 1037 1287 libro
1070 1251 1188 1288 XLII
1220 1253 1259 1298 (a.
1290 1264 1320 1288 c.
1357 1251 1435 1297 31),
1467 1251 1605 1286 XLIV

191 1306 232 1352 (a
261 1320 292 1342 c.
327 1307 404 1353 37),
437 1307 551 1343 XLV
582 1319 769 1354 nusquam
810 1307 846 1343 in
878 1320 923 1343 ea
955 1320 995 1342 re
1027 1320 1049 1342 a
1088 1308 1219 1342 codice
1263 1307 1468 1342 discessum
1510 1318 1606 1353 prae-

189 1369 354 1404 stamus3
400 1374 579 1397 numeros
609 1362 871 1398 distributivos
905 1374 1055 1410 semper
1094 1361 1225 1397 litteris
1257 1361 1495 1409 scripsimus;
1539 1360 1604 1396 ubi

188 1417 422 1452 millenarius
454 1429 632 1452 numerus
663 1417 716 1452 sic
747 1418 909 1465 scriptus
941 1426 1039 1452 crat:
1072 1418 1092 1454 τ’(
1124 1425 1187 1452 aut
1222 1430 1255 1452 u.
1295 1417 1326 1451 V
1346 1417 1443 1451 nu'lz'a
1475 1416 1602 1463 posui-

187 1469 325 1518 mus.⁴)
389 1472 536 1508 Voces.
577 1485 661 1519 quae
692 1472 728 1507 in
759 1473 891 1508 codiee
918 1472 1073 1515 desunt,
1112 1473 1148 1508 in
1182 1472 1265 1519 ipsa
1300 1470 1398 1507 Livii
1430 1470 1603 1506 oratione

187 1526 458 1562 admonitionis
490 1539 605 1562 causa
639 1527 828 1563 inclinatis
863 1527 997 1562 litteris
1027 1527 1248 1564 scribendas
1279 1526 1509 1568 curavimus,
1537 1538 1601 1561 ne-

187 1593 259 1629 que
299 1594 344 1617 eo
385 1582 506 1617 minus
547 1582 686 1618 codicis
724 1583 951 1630 scripturam
991 1583 1027 1618 in
1069 1582 1318 1618 annotatione
1351 1580 1598 1616 indicavinus.

300 1638 358 1672 Do
388 1637 506 1684 ipsius
538 1637 679 1673 codicis
701 1637 839 1673 saeculo
871 1646 980 1672 sexto
1011 1639 1223 1686 septimove
1249 1636 1379 1684 scripti
1410 1636 1535 1672 forma.
1565 1643 1600 1671 et

186 1691 408 1727 condicione
443 1693 566 1739 deque
606 1693 826 1728 mendorum
870 1700 906 1729 et
949 1706 1119 1728 errorum
1158 1692 1361 1740 generibus
1401 1690 1493 1726 nihil
1532 1697 1601 1734 est,

185 1757 251 1782 cur
281 1747 341 1783 hic
372 1747 560 1795 disputem
594 1755 680 1795 post
711 1761 767 1787 ea,
800 1759 884 1794 quae
914 1748 1073 1795 exposui
1108 1748 1145 1783 in
1174 1746 1504 1783 emendationibus
1537 1745 1601 1781 Li-

182 1801 304 1836 vianis
335 1802 371 1837 in
404 1802 523 1849 partis
546 1810 692 1850 quau-tue
721 1803 907 1850 prooemio
939 1810 989 1850 (p.
1016 1802 1261 1848 434-492).
1293 1814 1377 1849 quae
1402 1801 1601 1849 diligenter

181 1857 416 1892 considerari
446 1858 558 1893 velim
592 1859 640 1893 ab
672 1858 738 1895 iis.
783 1857 847 1904 qui
879 1858 977 1893 lianc
1011 1858 1108 1893 Livii
1139 1857 1322 1893 librorum
1355 1864 1500 1903 partem
1534 1862 1601 1891 aut

211 2024 243 2060 'l
274 2022 498 2062 Reperiuntur
523 2020 646 2057 clinem,
672 2019 792 2055 Ioeuom,
820 2032 940 2058 nouom,
966 2032 1111 2061 paruom.
1136 2020 1268 2055 saluom,
1295 2021 1439 2051 stutt'uom
1460 2019 1596 2059 (statim-

276 2074 407 2099 uouerat
440 2078 481 2098 cx
510 2067 655 2097 statiuom
681 2073 748 2097 emt
774 2067 902 2104 XLIV,
931 2073 992 2098 40.
1021 2071 1054 2106 6)
1091 2075 1134 2103 et,
1168 2067 1377 2106 praeccdente
1409 2077 1444 2106 q,
1479 2075 1597 2106 oequom

275 2114 407 2150 (XLII,
435 2118 498 2151 29,
528 2117 566 2149 3;
603 2113 711 2151 XLV,
753 2117 803 2144 13.
845 2117 883 2144 16
910 2125 998 2154 (equo
1026 2124 1084 2154 pro
1110 2117 1263 2154 caluom),
1296 2111 1444 2153 reliquom
1473 2111 1597 2151 (XLII,

280 2164 329 2200 13,
354 2163 397 2199 l),
424 2162 479 2191 scd
508 2160 613 2190 multo
639 2160 760 2200 saepius
786 2170 892 2190 (ecum.
915 2160 1112 2200 propincum,
1139 2158 1264 2189 relicum
1289 2159 1450 2199 (relicuum
1469 2157 1596 2192 XLIV.

275 2210 314 2241 8,
344 2210 376 2244 7)
403 2207 544 2247 captiuos
571 2205 678 2238 XLV,
706 2209 765 2236 41.
798 2209 857 2243 lO,
891 2206 987 2237 [rifeos
1013 2206 1140 2239 XLIV.
1172 2209 1234 2241 33,
1263 2210 1300 2242 4,
1334 2206 1422 2246 quod
1451 2204 1596 2235 debebat

275 2262 333 2283 aut
359 2253 480 2294 iniquos
507 2261 563 2283 aut
591 2252 689 2283 inicus
714 2261 797 2287 esse,
826 2253 949 2283 anticus
975 2252 1103 2287 XLIII,
1136 2255 1186 2284 13.
1215 2255 1245 2282 2.

203 2295 235 2335 ²)
270 2300 309 2330 In
336 2300 423 2330 libro
450 2299 546 2329 XLII
575 2299 645 2329 haee
672 2299 890 2329 animadverti
917 2300 948 2329 in
976 2299 1170 2329 nominibus
1197 2296 1412 2338 appellativis
1432 2295 1597 2326 brevioris

272 2345 389 2377 formae
416 2346 588 2386 exempla:
632 2349 667 2380 l,
698 2348 713 2375 7
742 2345 900 2384 saci-[lici.
932 2348 982 2381 17,
1011 2349 1028 2375 2
1057 2343 1172 2377 indici,
1201 2348 1255 2380 20,
1285 2346 1302 2373 2
1325 2340 1466 2384 prodt'yi‚
1494 2344 1547 2378 29,
1575 2343 1592 2371 7

272 2392 393 2424 arbitri,
421 2395 474 2427 30,
502 2395 520 2420 3
549 2391 669 2431 imperi.
697 2395 751 2427 38,
781 2395 798 2421 8
827 2391 951 2432 hospiti,
982 2396 1035 2427 43,
1064 2394 1081 2421 5
1111 2389 1230 2425 consili,
1260 2393 1314 2421 49.
1343 2393 1361 2419 3
1389 2387 1488 2429 offici.

203 2435 235 2475 ¹³)
271 2439 324 2470 Ex
350 2439 412 2469 hac
440 2437 547 2468 fornia
573 2444 650 2470 natu
676 2437 944 2477 conssre(r¹ientz‘bus
976 2445 1008 2468 et
1033 2437 1248 2468 czmctanlibus
1277 2445 1338 2477 pro
1364 2432 1596 2476 conyredientee

273 2492 305 2515 ot
331 2489 510 2515 cunctantes
536 2483 644 2519 XLII,
676 2487 730 2517 39,
757 2487 775 2514 3
804 2490 835 2513 et
864 2488 894 2515 5.

202 2527 234 2566 ⁴)
274 2532 431 2562 Dativttm
458 2529 584 2566 Persei,
611 2539 708 2570 quem
731 2529 884 2561 Hertzius
914 2530 1043 2560 incuria
1071 2528 1222 2567 neglexit
1248 2526 1358 2566 XLII,
1379 2529 1433 2563 49,
1455 2528 1471 2556 7
1500 2526 1593 2564 (alibi

271 2579 359 2608 enim
386 2577 565 2616 restituit),
594 2576 720 2607 restitui
749 2576 849 2606 etiam
875 2575 985 2611 XL11,
1005 2579 1068 2621 ,33-
1097 2580 1126 2607 4.
1155 2573 1209 2604 ubi
1238 2583 1279 2602 ex
1305 2582 1344 2603 eo
1371 2571 1497 2603 sactum
1523 2578 1594 2602 erat

268 2624 401 2664 pes-scio.

1009 2667 1024 2678 C
