1753 2934
257 120 305 153 30
820 120 988 151 Periochae

199 248 330 289 posuit3
361 248 429 289 ipse
457 258 531 279 cum
558 249 689 280 duobus
715 250 863 282 millibus
888 251 1036 290 equitum
1062 262 1166 292 usque
1191 253 1234 283 ad
1259 254 1366 294 ipsam
1387 251 1561 294 Capenam
1573 250 1602 294 ¹)

199 315 343 350 portam,
371 316 406 340 ut
431 310 530 341 situm
558 310 647 341 urbis
669 310 877 350 exploraret,
908 312 1126 351 obequitavit.
1177 314 1222 345 Et
1247 324 1348 355 quum
1374 323 1433 354 per
1457 315 1601 346 triduum

200 371 233 402 in
259 371 364 402 aciem
405 371 558 412 utrinque
593 371 758 402 exercitus
797 373 906 404 omnis
941 374 1183 414 descendisset,
1221 381 1389 407 certamen
1424 380 1603 416 tempestas

199 433 349 467 diremit:
391 442 466 463 nam
500 442 602 472 quum
629 433 661 463 in
689 440 796 464 eastra
822 435 978 471 redisset,
1012 436 1123 466 statim
1157 437 1318 468 serenitas
1351 442 1430 467 erat.
1485 436 1603 477 Capua

200 500 297 535 capta
325 499 373 524 est
408 504 426 524 a
453 493 493 531 Q.
521 493 639 523 Fulvio
673 498 704 524 et
730 495 818 536 App.
851 496 992 528 Claudio
1024 507 1108 529 coss.
1159 498 1330 539 Principes
1357 496 1601 538 Campanorum

199 564 328 585 veneno
361 555 423 586 sibi
456 561 597 586 mortem
629 556 874 588 consciverunt.
927 556 1037 595 Quum
1071 562 1207 588 senatus
1236 556 1484 599 Campanorum
1521 559 1602 590 deli-

198 623 296 656 gatus
335 622 423 648 esset
461 617 502 646 ad
541 617 654 657 palos,
698 623 733 648 ut
768 618 873 649 securi
912 618 1082 655 feriretur,
1123 619 1250 650 litteras
1288 629 1308 650 a
1341 625 1458 650 senatu
1484 621 1602 652 missas

201 676 240 715 Q.
258 677 397 709 Fulvius
423 677 552 715 consul,
581 678 700 717 quibus
727 679 905 710 iubebatur
929 690 1077 721 parcere,
1104 686 1282 720 antequam
1308 680 1442 720 legeret,
1469 681 1501 712 in
1527 681 1603 712 sinu

198 740 311 780 posuit
347 746 379 770 et
412 739 485 778 lege
512 740 566 779 agi
601 740 695 770 iussit
729 746 760 771 ct
792 742 992 782 supplicium
1019 742 1157 783 peregit.
1212 740 1322 779 Quum
1350 743 1490 774 comitiis
1515 743 1603 784 apud

196 800 359 842 populum
387 807 608 841 quim-eretur,
639 801 691 832 cui
718 804 933 834 mandaretur
957 804 1195 844 Hispaniarum
1222 803 1417 844 imperium,
1451 803 1544 835 nullo
1569 804 1602 834 id

196 862 327 893 volente.
355 862 538 902 suscipere.
574 862 609 893 P.
639 862 752 904 Scipio
782 863 819 895 P.
852 863 952 902 filius,
985 865 1068 905 eius,
1095 865 1150 904 qui
1176 864 1209 895 in
1237 865 1399 907 Hispania
1425 866 1601 903 ceciderat,

196 922 369 964 professus
396 929 444 954 est
471 933 505 953 sc
532 923 669 963 iturum,
697 930 729 955 et-
750 924 910 965 suffragio
937 926 1049 966 populi
1070 936 1299 966 consensuque
1315 927 1464 958 omnium
1480 927 1602 959 missus

196 984 325 1016 Novam
344 985 581 1022 Carthaginem
610 988 823 1027 expugnavit,
847 998 948 1029 quum
975 988 1114 1019 haberet
1143 998 1249 1019 annos
1276 988 1395 1019 XXIV
1421 989 1601 1020 videretur-

197 1057 259 1087 que
287 1047 400 1077 divina
434 1048 535 1088 stirpe
570 1054 718 1085 creatus,
757 1049 835 1087 quia
864 1056 894 1080 et
932 1050 1018 1090 ipse,
1057 1056 1235 1090 postquam
1266 1056 1379 1090 togam
1413 1055 1602 1092 acceperat,

197 1109 344 1148 quotidie
381 1109 413 1139 in
445 1107 614 1149 Capitolio
653 1115 733 1147 erat,
777 1116 809 1140 ct
846 1111 878 1140 in
913 1110 1068 1142 cubiculo
1100 1112 1214 1142 matris
1248 1112 1318 1142 eius
1359 1112 1478 1151 anguis
1515 1121 1602 1153 saepe

196 1170 380 1202 videbatur.
443 1171 508 1202 Res
542 1177 701 1211 praeterea
729 1178 843 1211 gestas
876 1173 907 1202 in
938 1172 1053 1203 Sicilia.
1086 1174 1235 1203 continet
1261 1178 1292 1203 et
1318 1173 1498 1204 amicitiam
1525 1183 1601 1204 cnm

194 1232 320 1263 AEtolis
359 1233 506 1262 iunctam
543 1231 737 1273 bellumque
771 1239 902 1271 gestum
934 1234 1092 1265 adversus
1117 1234 1316 1266 Acarnanas
1350 1240 1383 1265 ct
1407 1234 1600 1276 Philippum

195 1293 407 1325 Macedoniae
436 1303 558 1334 regem.

723 1399 786 1430 Ex
809 1400 898 1432 LIB.
925 1400 1072 1431 XXVII.

286 1476 347 1508 Cn.
375 1478 516 1508 Fulvius
550 1486 680 1517 procos.
717 1486 791 1508 eum
829 1477 978 1507 exercitu
1011 1477 1053 1508 ab
1080 1477 1273 1508 Hannibale
1310 1477 1352 1508 ad
1382 1477 1596 1508 Herdoneam

192 1548 296 1571 caesus
328 1547 390 1571 est.
444 1539 582 1570 Meliore
611 1544 729 1569 eventu
755 1539 796 1569 ab
818 1537 961 1569 Claudio
988 1539 1151 1588 Marc-ello
1178 1549 1245 1570 cos
1273 1540 1430 1570 adversus
1456 1538 1596 1569 eundem

191 1602 232 1632 ad
260 1601 510 1633 Numistronem
545 1606 732 1641 pugnatum
768 1605 829 1631 cst.
879 1599 963 1630 Inde
990 1601 1159 1632 Hannibal
1186 1607 1283 1632 nocte
1309 1601 1456 1632 recessit.
1506 1599 1597 1631 Mar-

192 1663 295 1694 cellus
328 1664 499 1694 insecutus
533 1668 582 1693 est
617 1667 649 1692 et
685 1660 826 1691 subinde
861 1662 1032 1692 cedentem
1074 1663 1207 1704 pressit,
1252 1664 1358 1694 donec
1393 1661 1594 1702 confligeret.

191 1724 306 1757 Priore
332 1735 447 1766 pugna
473 1723 642 1755 Hannibal
670 1722 830 1763 superior,
859 1723 1040 1755 Marcellus
1066 1724 1228 1764 sequenti.
1280 1725 1406 1756 Fabius
1426 1724 1596 1755 Maximus

191 1797 260 1818 cos.
294 1793 389 1828 pater
425 1786 627 1817 Tarentinos
662 1794 721 1825 per
751 1785 972 1825 proditionem
1010 1786 1142 1827 recepit.
1186 1785 1370 1819 ,Claudius
1402 1783 1595 1822 Marcellus,

189 1831 424 1886 TfQuinctius
443 1847 617 1888 Crispinus
635 1856 720 1877 coss.
738 1846 935 1886 speculandi
963 1856 1063 1878 causa
1088 1848 1255 1888 progressi
1281 1857 1298 1878 e
1325 1848 1441 1879 castris
1466 1846 1596 1878 insidiis

190 1910 231 1941 ab
257 1910 451 1942 Hannibale
487 1898 705 1940 circumven‘ii
739 1914 832 1946 sunt3
876 1908 1058 1939 Marcellus
1097 1909 1244 1946 occisus,
1290 1909 1460 1950 Crispinus
1498 1907 1594 1947 sugit.

189 1972 347 2003 Lustrum
370 1982 389 2002 a
410 1972 604 2002 censoribus
624 1970 796 2001 conditum
816 1976 883 2008 est3
903 1979 1006 2000 censa
1024 1977 1101 2001 sunt
1114 1971 1246 2002 cit-itum
1263 1971 1372 2013 capita
1393 1958 1597 2002 CXXXVI—1

189 2032 321 2070 CV111;
360 2043 402 2064 ex
437 2043 502 2073 quo
537 2042 675 2064 numero
709 2031 879 2072 apparuit,
919 2037 1079 2071 quantum
1114 2033 1286 2064 hominum
1321 2038 1369 2064 tot
1401 2033 1594 2074 proeliorum

187 2095 329 2126 adversa
354 2094 491 2126 fortuna
515 2095 641 2136 populo
665 2095 819 2125 Romano
847 2093 1049 2125 abstulisset.
1100 2093 1138 2124 In
1165 2094 1328 2135 Hispania
1355 2095 1396 2126 ad
1422 2094 1593 2126 Baeculam

190 2157 302 2198 Scipio
344 2167 420 2187 cum
449 2156 661 2188 Hasdrubale
700 2161 731 2187 et
758 2155 949 2186 Hamilcare
987 2156 1138 2186 conflixit
1177 2162 1209 2187 et
1245 2157 1334 2188 vicit.
1397 2156 1489 2187 Inter
1527 2155 1595 2186 alia

188 2224 320 2260 captum
347 2218 494 2258 regalem
522 2228 659 2260 puerum
687 2217 818 2249 eximiae
845 2216 960 2247 sormae
986 2217 1027 2247 ad
1053 2217 1255 2248 avunculum
1276 2218 1492 2249 Masinissam
1520 2226 1594 2248 cum

186 2281 282 2312 donis
308 2281 443 2312 dimisit.
495 2280 699 2316 Hasdrubal,
727 2279 781 2320 qui
809 2289 884 2310 eum
911 2279 1060 2309 exercitu
1086 2288 1172 2309 novo
1197 2279 1302 2320 Alpes
1332 2279 1593 2316 transcenderat,

185 2347 221 2372 ut
247 2351 281 2372 se
308 2341 492 2373 Hannibali
530 2342 766 2381 coniungeret,
809 2350 883 2371 cum
918 2340 1068 2371 millibus
1094 2340 1268 2371 hominnm
1293 2340 1374 2372 LVI
1401 2349 1506 2372 caesus
1531 2344 1593 2376 est,

186 2408 284 2443 capta
300 2393 343 2433 ‚V
370 2402 476 2444 CCC,
520 2403 566 2434 M.
596 2403 681 2434 Livii
715 2412 783 2433 cos.
819 2402 935 2440 ductu,
976 2402 1034 2432 sed
1067 2411 1134 2432 non
1172 2402 1298 2432 minore
1324 2411 1433 2443 vopera
1458 2399 1593 2432 Claudii

185 2464 328 2495 Neronis
357 2474 444 2502 cos,
483 2466 539 2506 qui
566 2475 666 2506 quum
695 2463 878 2495 Hannibali
905 2463 1078 2504 oppositus
1104 2470 1212 2503 essct,
1238 2463 1364 2495 relictis
1390 2461 1508 2493 castris
1534 2461 1592 2508 ita,

186 2531 221 2555 ut
244 2525 376 2556 hostem
404 2525 557 2566 falleret,
594 2536 668 2557 cum
704 2526 810 2557 electa
843 2534 944 2555 manu
976 2524 1146 2566 profectus
1171 2524 1420 2557 Hasdrubalem
1447 2524 1590 2555 circum·

261 2660 288 2690 ¹)
310 2658 447 2684 Collinam
468 2661 521 2684 Lir,
543 2668 564 2685 r.
591 2662 623 2684 m
645 2667 669 2685 ει
689 2669 751 2685 mox
772 2659 894 2684 biduum.
