1753 2934
717 130 790 161 Lib.
820 131 926 162 1—11.
1421 134 1464 168 15

114 261 247 301 allegit,
284 262 423 293 Latinos
449 262 598 302 subegit,
637 261 734 292 ludos
759 261 792 291 in
819 261 908 292 circo
934 261 1056 292 edidit.
1083 261 1230 302 equitum
1257 261 1424 292 centurias
1451 271 1521 292 am-

114 323 251 365 pliavit,
284 323 401 354 urbem
429 333 522 354 muro
549 322 785 357 circumdedit,
819 321 952 353 cloacas
982 322 1071 353 fecit.
1123 322 1264 354 Occisus
1289 329 1338 353 est
1365 322 1407 354 ab
1432 322 1521 353 Anci

114 384 202 423 filiis,
220 394 321 426 quum
337 390 510 424 regnasset
529 384 625 415 annis
641 382 841 414 XXXVIII.
892 384 974 421 (Hic
992 384 1159 415 tentandae
1177 385 1325 416 scientiae
1336 385 1408 416 Atti
1423 384 1520 416 Navii

114 446 251 486 auguris
279 455 381 476 causa
405 445 510 476 fertur
535 446 742 476 consuluisse
763 455 858 482 eum,
897 455 939 476 an
967 445 1012 482 id,
1046 446 1086 476 ‹le
1120 455 1185 486 quo
1222 446 1398 484 cogitaret,
1434 445 1520 476 effici

113 513 246 549 posset3
283 507 370 547 quod
398 516 499 547 quum
525 506 581 536 ille
607 506 677 536 ficri
704 516 801 547 posse
827 506 977 545 dixisset,
1010 507 1145 537 iussisse
1173 516 1248 537 eum
1276 507 1439 538 novacula
1464 517 1520 538 co·

114 574 180 600 tem
207 568 399 609 praecidere,
425 567 525 607 idque
551 567 593 598 ab
625 568 704 598 Atto
729 567 881 608 protinus
910 566 1063 606 sactum.)

208 629 379 661 Successit
404 630 433 659 ei
462 628 594 660 Servius
623 628 764 665 Tullius⁷
801 635 899 659 natus
924 638 966 659 ex
991 629 1124 669 captiva
1150 628 1253 659 nobili
1283 628 1520 666 Corniculana,

114 691 166 722 cui
192 700 296 732 puero
322 691 430 721 adhue
456 691 490 721 in
508 691 600 721 cunis
618 691 728 731 posito
751 695 850 729 caput
874 690 993 721 arsisse
1012 691 1168 720 traditum
1187 695 1267 720 erat.
1324 689 1358 721 Is
1384 700 1520 721 censum

113 753 255 795 primum
282 753 358 791 egit,
385 753 525 783 lustrum
550 751 706 787 condidit,
741 760 807 790 quo
834 759 933 781 censa
960 749 1093 780 LXXX
1119 750 1224 780 millia
1249 760 1321 782 esse
1353 752 1520 791 dicuntur,

112 814 312 856 pomoerium
341 813 488 854 protulit.
516 813 618 844 colles
644 812 717 843 urbi
744 812 865 842 adiecit
894 810 1112 848 Quirinalem,
1147 812 1362 851 viminalem,
1397 814 1520 853 Esqui-

112 876 235 913 linum,
279 875 438 915 templum
475 875 593 905 Dianae
627 884 702 904 eum
734 873 864 905 Latinis
900 873 933 903 in
966 872 1137 903 Aventino
1175 873 1263 904 fecit.
1318 873 1518 905 Interfeetus

113 944 163 968 est
197 947 218 967 a
250 936 287 967 L.
328 935 528 976 Tarquinio,
573 935 679 967 Prisci
717 934 804 971 filio,
844 934 984 965 consilio
1027 933 1102 964 filiae
1137 944 1204 965 suae
1231 935 1373 973 Tulliae,
1417 946 1517 976 quum

111 1005 285 1038 regnasset
311 998 406 1028 annis
430 997 556 1029 XLIV.

207 1058 289 1090 Post
320 1059 409 1089 hunc
434 1058 473 1089 L.
500 1057 702 1098 Tarquinius
737 1055 911 1096 Superbus
942 1065 1051 1097 neque
1089 1063 1221 1098 patrum
1258 1066 1367 1097 neque
1404 1045 1519 1099 populi

112 1123 204 1152 iussu
232 1130 372 1160 regnum
400 1119 531 1149 invasit.
580 1117 614 1149 Is
639 1123 787 1148 armatos
825 1117 915 1148 circa
949 1128 985 1149 se
1019 1119 1051 1149 in
1085 1119 1271 1150 custodiam
1303 1119 1352 1150 sui
1387 1119 1517 1149 habuit.

111 1181 246 1213 Bellum
280 1190 355 1211 cum
382 1179 516 1210 Volscis
542 1180 645 1218 gessit
675 1185 707 1210 et
739 1189 781 1209 ex
813 1179 928 1219 spoliis
953 1188 1068 1210 eorum
1095 1181 1259 1221 templum
1285 1181 1319 1210 in
1348 1179 1516 1220 Capitolio

110 1242 179 1274 Iovi
221 1241 311 1273 fecit.
363 1241 489 1273 Gabios
529 1240 608 1271 dolo
648 1241 682 1270 in
725 1246 926 1281 potestatem
971 1251 1065 1271 suam
1100 1241 1240 1281 redegit.
1290 1241 1402 1271 Huius
1440 1240 1518 1271 filiis

109 1303 262 1344 Delphos
287 1302 447 1344 profectis
473 1308 505 1332 et
533 1302 793 1339 consulentibus,
824 1303 896 1342 quis
923 1311 1036 1333 eorum
1052 1303 1169 1333 Romae
1196 1309 1396 1341 regnaturus
1419 1309 1517 1340 esset,

110 1366 237 1396 dictum
254 1370 313 1401 est,
339 1373 413 1394 eum
433 1370 662 1403 regnaturum,
689 1364 744 1403 qui
761 1364 906 1403 primum
928 1370 1066 1394 matrem
1087 1363 1257 1394 osculatus
1275 1371 1371 1394 esset.
1421 1362 1519 1401 Quod

110 1435 308 1467 responsum
338 1434 440 1464 quum
472 1424 536 1465 ipsi
570 1424 667 1455 aliter
691 1425 1006 1466 interpretarentur⁷
1044 1425 1159 1456 Iunius
1184 1425 1324 1462 Brutus,
1360 1424 1416 1465 qui
1442 1434 1516 1455 cnm

109 1489 158 1519 eis
182 1487 351 1528 profectus
388 1492 468 1518 erat.
510 1486 704 1526 prolapsum
743 1497 777 1517 sc
817 1487 987 1517 simulavit
1022 1493 1054 1516 et
1088 1493 1210 1517 terram
1245 1486 1416 1518 osculatus
1450 1492 1516 1524 est;

109 1549 210 1590 idque
241 1548 366 1580 factum
409 1549 478 1579 eius
523 1554 661 1578 eventus
698 1547 942 1587 comprobavit.
991 1546 1076 1578 Nam
1111 1557 1213 1588 quum
1248 1548 1448 1588 impotenter
1484 1557 1517 1579 se

110 1611 259 1651 gerendo
296 1609 501 1648 Tarquinius
537 1609 708 1650 Superbus
750 1618 866 1639 omnes
903 1608 936 1638 in
979 1609 1092 1638 odium
1131 1609 1179 1640 sni
1216 1609 1429 1646 adduxisset,
1475 1610 1517 1639 ad

109 1671 264 1702 ultimum
296 1678 430 1710 propter
463 1677 694 1710 expugnatam
730 1676 894 1700 nocturna
922 1670 950 1699 vi
977 1679 996 1699 a
1023 1669 1127 1701 Sexto
1160 1670 1228 1701 filio
1255 1671 1326 1701 eius
1354 1671 1518 1701 Lucretiae

109 1730 317 1772 pudicitiam,
355 1739 438 1770 quae,
470 1731 512 1761 ad
538 1741 571 1761 se
597 1737 717 1761 vocato
742 1737 836 1771 patre
865 1731 1062 1771 Tricipitino
1089 1738 1121 1761 et
1146 1733 1216 1762 viro
1244 1731 1424 1769 Collatino,
1459 1733 1518 1763 ob-

111 1798 249 1830 testata,
285 1801 326 1822 ne
361 1791 467 1823 inulta
505 1801 593 1823 mors
632 1792 701 1823 eins
726 1798 830 1830 esset,
873 1792 981 1823 cultro
1007 1802 1042 1823 se
1068 1793 1251 1831 interfecit,
1293 1794 1389 1824 Bruti
1416 1803 1519 1834 opera

110 1853 257 1884 maxime
275 1853 436 1894 expulsus
451 1859 510 1891 est,
537 1863 639 1894 quum
658 1859 831 1893 regnasset
857 1863 962 1884 annos
980 1854 1093 1885 XXV.
1136 1855 1222 1886 Tum
1243 1855 1398 1886 consules
1416 1856 1518 1886 creati

110 1921 190 1945 sunt
214 1915 252 1945 L.
279 1914 396 1945 Iunius
421 1913 556 1952 Brutus,
582 1915 622 1946 L,
649 1915 854 1956 Tarquinius
881 1915 1098 1956 Collatinus]

690 2021 756 2052 EX
780 2022 870 2053 LIB.
895 2022 940 2052 II.

202 2096 328 2127 Brutus
354 2096 424 2126 iure
449 2096 592 2127 iurando
616 2097 778 2138 populum
805 2098 1005 2136 adstrinxit,
1044 2099 1213 2129 neminem
1237 2099 1353 2130 Romae
1379 2108 1519 2139 regnare

106 2167 298 2198 passurum.
351 2158 573 2197 Tarquinium
601 2158 805 2190 Collatinum
834 2161 1001 2200 collegam
1032 2170 1127 2191 suum
1152 2166 1288 2202 propter
1319 2160 1517 2192 affinitatem

110 2218 366 2259 Tarquiniorum
395 2228 584 2260 suspectum
611 2221 721 2260 coegit
741 2222 919 2252 consulatu
939 2232 973 2254 se
993 2223 1152 2253 abdicare
1178 2229 1210 2253 ct
1235 2222 1366 2253 civitate
1392 2223 1518 2254 cedere.

109 2279 207 2310 Bona.
232 2290 346 2320 regum
373 2281 469 2322 diripi
495 2282 598 2319 iussit⁷
626 2291 740 2321 agrum
765 2283 865 2314 Marti
892 2285 1113 2321 consecravit,
1142 2284 1197 2323 qui
1221 2293 1358 2324 campus
1373 2283 1517 2315 Martius

109 2341 300 2372 nominatus
328 2348 386 2373 est.
437 2342 685 2374 Adolescentes
713 2345 855 2383 nobiles,
883 2346 915 2375 in
944 2345 1063 2386 quibus
1089 2355 1167 2376 suos
1193 2354 1325 2387 quoque
1351 2352 1384 2377 et
1406 2345 1518 2377 fratris

109 2400 207 2439 filios,
234 2403 312 2443 quia
338 2403 595 2434 coniuraverant
619 2404 659 2434 de
682 2406 882 2446 recipiendis
900 2407 1045 2446 regibus,
1072 2407 1179 2438 securi
1197 2408 1368 2448 percussit.
1416 2408 1518 2440 Servo

109 2463 230 2501 indici,
264 2464 316 2494 cui
343 2464 501 2496 Vindicio
536 2475 658 2497 nomen
694 2466 775 2500 fuit.
811 2467 1003 2498 libertatem
1037 2468 1147 2507 dedit3
1184 2468 1226 2498 ex
1258 2470 1351 2500 cuius
1381 2471 1518 2501 nomine

109 2525 259 2556 vindicta
285 2525 467 2566 appellata.
523 2525 632 2564 Quum
660 2528 818 2559 adversus
842 2538 950 2568 reges,
977 2529 1044 2569 qui,
1072 2529 1254 2560 contractis
1279 2531 1460 2561 Veientum
1487 2537 1519 2562 et

113 2586 407 2627 Tarquiniensium
433 2588 548 2629 copiis,
580 2588 706 2620 bellum
738 2589 939 2628 intulerant,
981 2592 1165 2622 exercitum
1201 2593 1365 2630 duxisset,
1390 2593 1424 2623 in
1449 2594 1520 2624 acie

110 2656 188 2679 cum
219 2649 368 2680 Arrunte
398 2648 468 2679 filio
504 2650 648 2690 Superbi
682 2657 910 2682 commortuus
947 2657 1015 2691 est3
1057 2663 1199 2693 eumque
1236 2660 1396 2685 matronae
1428 2664 1518 2686 anno
