1742 2902
333 139 404 174 120
672 135 774 165 Liber
799 133 927 164 XLIII.
981 132 1040 173 (A.
1072 143 1104 163 u.
1133 141 1160 163 c.
1190 133 1284 172 583.)

219 260 241 294 6
272 258 450 302 Paulum,
483 255 526 293 C.
559 255 769 303 Sulpicium
801 253 970 291 Gallum.
1020 252 1117 290 Cum
1147 253 1201 290 M.
1234 253 1379 289 Titinio
1409 253 1586 301 primum,
1619 254 1682 302 qui

272 334 413 376 praetor
443 327 492 362 A.
526 324 693 368 Manlio,
734 324 788 360 M.
823 323 934 359 Iunio
975 322 1193 359 consulibus
1223 323 1261 358 in
1292 322 1464 358 citeriore
1495 323 1684 371 Hispania

272 396 410 439 fuerat,
440 401 730 442 recuperatores
761 398 1016 441 sumpserunt.
1080 392 1147 427 Bis
1182 391 1398 440 ampliatus,
1429 392 1541 428 tertio
1573 393 1683 430 abso-

220 468 239 501 7
272 466 372 501 lutus
404 471 459 500 est
493 474 592 500 reus.
666 463 865 498 Dissensio
898 463 993 499 inter
1031 463 1191 498 duarum
1224 461 1507 509 provinciarum
1538 461 1684 510 legato!

274 540 330 570 est
359 540 462 577 orta;
492 532 678 569 citerioris
709 533 907 581 Hispaniae
938 532 1068 580 populi
1099 532 1152 567 M.
1172 530 1356 567 Catonem
1389 538 1424 566 et
1456 531 1685 579 Scipionem,

273 603 464 640 ulterioris
506 603 550 640 L.
583 602 745 638 Paulum
793 609 830 638 et
867 602 1025 639 Gallum
1058 600 1267 648 Sulpicium
1299 607 1483 648 patronos
1513 613 1686 649 sumpse.-

220 672 241 707 8
272 679 372 709 runt.
431 672 497 709 Ad
522 672 799 720 reciperatores
840 671 994 707 adducti
1030 683 1052 706 a
1083 670 1320 706 citerioribus
1351 670 1502 718 populis
1533 671 1578 706 P.
1610 671 1687 707 Fu-

218 741 240 776 9
272 743 351 779 rius
382 742 538 787 Philus,
570 743 618 778 ab
650 741 891 777 ulterioribus
924 742 975 777 M.
1009 740 1214 778 Matienus,
1274 739 1343 775 Ille
1377 739 1442 787 Sp.
1475 740 1689 787 Postumio,

275 812 321 859 Q.
354 813 483 848 Mucio
515 812 734 848 consulibus
764 811 925 847 triennio
957 818 1065 855 ante,
1104 811 1164 846 liic
1194 809 1345 845 biennio
1376 809 1502 857 prius,
1533 809 1577 847 L.
1611 809 1689 846 Po-

196 879 242 914 10
275 882 435 923 stumio.
481 882 535 918 M.
568 881 722 929 Popilio
764 881 1003 923 consulibus,
1049 886 1189 928 praetor
1233 878 1369 914 fuerat.
1439 878 1690 916 Gravissimie

275 951 495 988 criminibus
518 951 686 987 accusati
715 951 828 987 ambo
860 950 1126 998 ampliatique3
1158 961 1243 985 cum
1275 948 1435 984 dicenda
1466 949 1512 984 de
1543 948 1690 997 integro

275 1033 394 1058 eausa
424 1027 535 1065 esset,
567 1021 736 1056 excusati
768 1020 868 1056 exilii
901 1031 1019 1055 causa
1050 1018 1172 1054 solum
1201 1018 1374 1054 vertisse.
1420 1018 1560 1054 Furius
1586 1019 1692 1055 Prae-

196 1087 237 1124 11
274 1098 403 1136 neste,
433 1090 626 1127 Matienus
657 1091 781 1126 Tibur
811 1090 1005 1126 exulatum
1038 1089 1225 1125 abierunt.
1285 1089 1410 1123 Fama
1439 1094 1533 1132 erat,
1563 1087 1691 1136 prohi-

274 1161 355 1197 beri
386 1173 409 1196 a
439 1160 611 1209 patronis
641 1160 788 1196 nobiles
819 1171 864 1195 ac
895 1164 1069 1207 potentes
1109 1157 1349 1205 conpellare,
1394 1158 1578 1205 auxitque
1607 1170 1692 1195 eam

276 1230 531 1279 suspicionem
564 1229 770 1266 Canuleius
801 1235 960 1276 praetor,
1005 1228 1128 1275 quod,
1172 1227 1315 1262 omissa
1346 1239 1391 1263 ea
1422 1239 1485 1269 re,
1516 1226 1693 1263 dilectum

275 1300 422 1336 habere
451 1299 624 1336 instituit.
700 1299 798 1334 Dein
831 1304 987 1346 repente
1016 1297 1054 1332 in
1084 1297 1322 1345 provinciam
1354 1297 1459 1341 abiit,
1490 1309 1536 1332 ne
1566 1296 1694 1344 plures

200 1367 245 1402 12
278 1371 326 1406 ab
366 1369 551 1417 Hispanis
590 1375 835 1404 vexarentur.
906 1368 988 1412 Ita,
1026 1366 1226 1415 praeteritis
1267 1366 1416 1402 silentio
1455 1365 1694 1411 oblitteratis,

277 1440 315 1476 in
346 1439 513 1476 futurum
546 1445 673 1475 tamen
705 1438 917 1473 consultum
950 1437 999 1472 ab
1029 1443 1164 1472 senatu
1195 1436 1401 1484 Hispanis,
1441 1436 1543 1483 quod
1574 1436 1695 1484 impe-

279 1515 439 1553 trarunt,
465 1521 512 1544 ne
537 1508 715 1544 frumenti
735 1507 1023 1543 aestimationem
1044 1506 1290 1554 magistratus
1309 1507 1505 1542 Romanus
1524 1505 1696 1551 haberet,

278 1591 376 1615 neve
397 1585 551 1626 cogeret
577 1577 791 1613 vicesumas
823 1577 987 1612 vendere
1009 1576 1218 1624 Hispanos,
1250 1575 1320 1611 nisi
1353 1575 1485 1622 quanti
1515 1574 1587 1622 ipsi
1617 1572 1695 1609 vel-

279 1647 374 1691 lent3
418 1654 453 1683 et
483 1661 531 1684 ne
560 1647 728 1696 praefecti
760 1647 797 1682 in
828 1646 971 1694 oppida
1001 1657 1071 1682 sua
1102 1646 1149 1681 ad
1190 1645 1371 1694 pecunias
1403 1644 1596 1693 cogendas
1626 1643 1697 1679 im-

279 1724 523 1766 ponerentur.

393 1788 445 1823 Et
475 1787 551 1823 alia
581 1787 671 1822 novi
701 1785 851 1834 generis
880 1784 1076 1820 hominum
1109 1797 1156 1820 ex
1187 1784 1377 1832 Hispania
1407 1783 1549 1831 legatio
1582 1782 1696 1822 venit.

225 1855 247 1890 2
280 1857 343 1894 Ex
374 1857 555 1893 militibus
586 1855 771 1892 Romanis
803 1862 838 1890 et-
869 1867 916 1890 ex
949 1854 1132 1902 Hispanis
1164 1854 1406 1897 mulieribus,
1444 1866 1528 1889 cum
1561 1852 1698 1900 quibus

281 1927 484 1964 conubium
530 1938 606 1961 non
649 1931 769 1968 esset,
814 1931 926 1959 natos
966 1936 1006 1959 se
1049 1929 1325 1967 memorantes,
1370 1935 1487 1971 supra
1517 1929 1699 1970 quattuor

281 1996 385 2032 milia.
416 1995 610 2031 hominum
644 1995 825 2033 orabant,
867 2000 907 2030 ut
934 1993 1007 2029 sibi
1039 1993 1242 2041 oppidum,
1282 1993 1320 2028 in
1357 2005 1432 2040 quo
1467 1992 1698 2036 habitarent,

226 2065 248 2101 3
281 2065 446 2102 daretur.
507 2064 671 2101 Senatus
702 2063 881 2107 decrevit,
911 2063 965 2099 uti
995 2063 1151 2098 nomina
1179 2075 1250 2098 sua.
1280 2068 1373 2110 aput
1406 2062 1450 2098 L.
1472 2060 1698 2098 Canuleium

282 2137 550 2184 profiterentur
581 2146 809 2181 eorumque,
840 2133 871 2169 si
904 2145 999 2180 quos
1030 2132 1357 2176 manumisissent3
1407 2144 1472 2168 eos
1504 2130 1698 2168 Carteiam

284 2297 316 2336 6,
344 2301 361 2327 2
390 2297 528 2327 consule
595 2300 613 2327 3
642 2302 831 2327 sumserunt
857 2295 907 2325 uis
971 2293 1002 2330 7,
1027 2298 1044 2323 2
1074 2298 1123 2323 est
1149 2302 1208 2322 ora
1231 2292 1235 2330 1
1258 2291 1408 2332 populiq.
1460 2295 1478 2321 4
1506 2292 1700 2322 sumserunt

284 2353 316 2389 9,
332 2359 349 2384 2
374 2354 451 2383 hine
475 2354 608 2383 uiennio
630 2353 721 2393 prius
772 2356 790 2382 3
808 2362 835 2382 c.
850 2351 977 2392 popilio
1022 2351 1076 2387 10,
1093 2354 1111 2380 3
1135 2349 1309 2379 excusatio
1324 2349 1417 2379 exilii
1467 2348 1520 2386 11,
1537 2352 1555 2378 2
1576 2347 1698 2380 nobilis

286 2410 290 2449 ξ
309 2411 498 2450 auxiadque
538 2415 555 2439 4
573 2410 846 2450 abitincreplures
902 2408 956 2446 12,
978 2412 996 2438 2
1013 2407 1159 2438 futurum
1182 2406 1488 2436 consultamentum
1507 2406 1548 2435 ab
1567 2404 1696 2446 Kreyss-

286 2467 406 2509 (Gryn.
421 2466 566 2497 futurum
582 2467 771 2497 consultum
787 2467 844 2500 ab)
873 2470 890 2496 4
904 2467 1129 2496 uicensumas³
1145 2463 1341 2503 hispanonis
1357 2463 1472 2503 quanti
1489 2464 1558 2502 ipse
1574 2462 1700 2493 uellent

286 2524 358 2566 My.
388 2524 508 2564 (Gr-yn.
536 2524 704 2562 Hispanos
733 2524 846 2564 quanti
873 2523 943 2563 ipsc
970 2522 1088 2562 vellet)
1170 2520 1233 2557 ΙΙΙ,
1260 2520 1291 2556 2,
1319 2524 1338 2551 3
1372 2520 1546 2550 hominum
1574 2529 1616 2549 ex
1648 2518 1698 2549 hi-

287 2582 407 2623 spania
424 2581 567 2612 orabant
629 2580 660 2616 3,
682 2585 699 2610 2
726 2580 966 2621 proficerentur
989 2581 992 2619 Ι
1016 2579 1257 2610 manumissent
1285 2577 1355 2618 My.
1383 2576 1458 2609 Em.
1486 2576 1553 2608 551
1578 2575 1696 2618 (Gryn-

285 2638 542 2681 profitercntur:
569 2646 750 2676 corumque
777 2638 802 2667 si
831 2648 914 2678 quos
939 2637 1200 2673 manumisisset,
1227 2634 1300 2676 eos)
