1796 2929
255 328 300 361 Η)

256 466 295 498 11

252 600 297 634 12

219 734 271 778 26

395 137 469 172 178
738 119 840 163 Liber
864 130 991 162 xmv,
1043 130 1103 170 (A.
1131 139 1163 161 u.
1191 139 1218 161 e.
1248 130 1342 170 586.)

336 257 405 292 bus
436 262 582 302 turpem
615 264 660 288 ac
690 253 899 296 sordidam,
930 260 965 289 et
997 253 1102 290 danti
1137 259 1172 288 et
1203 253 1324 301 magis
1355 253 1568 301 accipienti,
1598 265 1742 290 merce-

333 326 417 361 dem
442 335 524 360 esse
546 322 691 366 aiebam
721 322 758 358 in
775 334 881 371 spem
903 324 1089 360 Romanae
1113 322 1217 370 pacis
1239 335 1314 358 non
1331 334 1508 359 recusare
1530 323 1742 371 inpensam,

332 394 397 430 sed
429 405 511 429 eam
544 392 742 440 pecuniam
774 391 943 440 perfecta
981 404 1020 428 re
1061 393 1258 435 daturum;
1303 392 1447 428 interea
1479 391 1742 429 Samothraca}

332 464 369 498 in
401 462 542 510 templo
574 461 845 509 depositurum.
915 462 973 498 Ea
1013 461 1135 497 insula
1177 473 1259 497 cum
1291 461 1410 509 ipsius
1442 461 1601 498 dicionis
1631 470 1741 506 esset,

331 531 461 568 videre
493 532 684 568 Eumenes
722 531 814 567 nihil
852 531 1057 569 interesse.
1102 531 1151 566 ibi
1188 543 1235 566 an
1266 531 1383 567 Pellae
1421 531 1583 579 pecunia
1623 537 1742 576 esset;

329 601 367 637 id
400 613 532 649 agere,
577 607 617 636 ut
659 607 805 648 partem
838 601 1005 648 aliquam
1040 606 1263 647 praesentem
1294 599 1422 636 ferret.
1482 601 1555 643 Ita,
1586 601 1742 648 nequic—

331 683 445 719 quam
478 671 576 707 inter
604 682 644 706 se
677 670 833 717 captati,
864 670 956 706 nihil
988 676 1126 717 praeter
1155 669 1352 706 infamiam
1384 683 1552 707 movere.

445 740 528 776 Nec
568 740 648 776 liaec
692 746 840 775 tantum
875 739 1008 776 Persei
1046 751 1114 786 per
1157 739 1357 775 avaritiam
1397 746 1453 775 est
1483 739 1640 776 dimissa
1668 751 1742 783 res,

329 822 413 847 cum
444 810 606 859 pecunia
643 809 735 845 data
774 815 840 845 aut
873 821 1005 858 pacem
1049 809 1190 844 habere
1221 821 1288 857 per
1317 809 1536 849 Eumenen,
1568 822 1651 857 quae
1682 810 1742 846 vel

327 887 437 928 parte
467 879 572 928 regni
603 879 826 915 redimenda
857 885 967 922 esset,
999 884 1064 914 aut
1086 878 1265 926 deceptus
1294 879 1520 927 protrahere
1549 879 1740 915 inimicum

327 948 502 985 mercede
532 955 708 985 onustum
741 955 777 984 et
806 949 935 985 hostes
977 948 1112 984 merito
1144 947 1176 983 ei
1207 949 1403 1001 Romanos
1434 955 1564 996 posset
1593 948 1742 987 faeere:

328 1017 394 1053 sed
441 1024 476 1053 ct
522 1025 609 1054 ante
641 1018 757 1056 Genti
802 1019 900 1067 regis
950 1023 1087 1066 parata
1126 1017 1290 1053 societas
1342 1024 1378 1053 et
1415 1024 1492 1054 tum
1525 1018 1742 1059 Gallorum,

329 1086 535 1124 effusorum
568 1101 636 1136 per
668 1089 875 1137 Illyricum,
913 1088 1046 1136 ingens
1085 1087 1253 1123 oblatum
1286 1089 1460 1123 mavilium
1492 1088 1655 1124 avaritia
1685 1088 1741 1124 di-

330 1157 484 1193 missum
512 1165 580 1196 est.
626 1157 841 1194 Venieb'aut
860 1159 897 1194 X
922 1157 1025 1193 milia
1052 1157 1234 1204 equitum,
1262 1169 1333 1204 par
1357 1169 1536 1193 numerus
1560 1157 1741 1206 peditum,

328 1234 363 1263 et
395 1227 563 1276 ipsorum
594 1228 829 1275 iungentium
863 1239 1012 1263 cursum
1046 1227 1152 1274 equis
1184 1233 1219 1261 et
1255 1227 1292 1262 iu
1319 1227 1440 1263 vicem
1473 1227 1740 1275 prolapsorum

331 1295 499 1342 equitum
531 1308 674 1333 vacuos
700 1297 930 1345 capientium
964 1296 1012 1331 ad
1044 1308 1211 1344 pugnam
1244 1309 1374 1344 equos.
1419 1297 1470 1332 Hi
1495 1297 1596 1345 pacti
1622 1303 1743 1341 erant,

327 1376 443 1412 eques
474 1365 592 1401 denos
622 1373 828 1414 praesentes
856 1378 1007 1404 aureos.
1041 1366 1157 1414 pedes
1185 1366 1332 1413 quinos,
1364 1366 1466 1402 mille
1489 1367 1567 1402 dux
1597 1379 1740 1403 eorum.

329 1434 581 1471 Venientibus
612 1436 670 1471 his
701 1436 866 1472 Perseus
894 1435 941 1471 ab
976 1435 1098 1484 Elpeo
1130 1447 1176 1471 ex
1199 1435 1332 1471 castris
1362 1434 1556 1483 profectus
1587 1437 1740 1473 obviam

327 1516 410 1540 cum
455 1505 612 1542 dimidia
655 1505 851 1553 copiarum
890 1513 999 1552 parte
1039 1505 1262 1541 denunt-iare
1302 1518 1369 1553 per
1403 1505 1508 1540 vicos
1540 1505 1741 1553 urbesque,

327 1586 410 1622 quae
445 1575 518 1610 viae
554 1576 779 1623 propinquae
818 1582 926 1619 sunt,
968 1575 1100 1623 coepit.
1147 1581 1188 1610 ut
1231 1581 1466 1610 commeatus
1504 1576 1739 1623 expedirent,

324 1643 516 1687 frumenti,
546 1644 636 1688 vini,
667 1656 846 1693 pecorum
874 1651 911 1680 ut
938 1645 1049 1692 copia
1070 1652 1180 1681 esset.
1225 1643 1314 1691 Ipse
1338 1656 1456 1691 equos
1482 1645 1738 1693 phalerasque

325 1720 360 1749 et
385 1713 521 1761 sagula
551 1714 691 1750 donum
729 1714 962 1762 principibus
992 1714 1091 1750 ferre
1122 1722 1156 1750 et
1182 1728 1342 1763 parvom
1376 1717 1471 1753 auri.
1504 1715 1605 1762 quod
1638 1714 1736 1750 inter

322 1795 468 1830 paucos
499 1783 704 1827 divideret,
745 1784 1022 1820 multitudinem
1063 1784 1227 1820 credens
1257 1786 1355 1821 trahi
1385 1797 1454 1833 spe
1487 1797 1610 1832 posse.
1669 1785 1734 1820 Ad

318 1991 338 2017 4
365 1995 437 2017 esse
464 1986 620 2022 malebat„
638 1986 669 2015 in
696 1994 788 2025 spem
819 1984 889 2025 λίψ.
907 1983 969 2015 ι’ὁιΙ.
997 1984 1117 2025 (Gryn.
1147 1994 1228 2016 csse.
1258 1985 1409 2016 Malebat
1436 1986 1470 2016 in
1497 1984 1605 2026 spem)
1676 1985 1730 2022 10,

317 2048 335 2074 2
363 2049 559 2075 samotracae
608 2042 662 2080 11,
687 2046 705 2073 2
733 2043 895 2073 interesse
921 2052 963 2072 an
990 2042 1086 2082 pellae
1104 2040 1193 2073 Crev.
1223 2042 1356 2082 (Weiss.
1384 2042 1419 2073 iu
1445 2053 1484 2074 ca
1510 2044 1566 2082 an)
1617 2046 1635 2073 3
1663 2042 1729 2073 ser-

315 2106 388 2132 rcnt
437 2100 491 2138 12,
521 2104 534 2131 l
564 2101 769 2140 nequiquam
826 2103 843 2130 2
873 2108 970 2129 moue
1050 2099 1187 2137 XXVI,
1216 2099 1246 2137 1,
1279 2103 1292 2129 l
1334 2110 1447 2140 pei-scs
1473 2100 1577 2131 Bell-ts.
1606 2099 1726 2141 (Gryn.

313 2157 452 2198 Perseo)
483 2157 488 2198 Ι
517 2158 764 2198 pe'raueritiam
829 2160 847 2187 2
882 2157 1057 2197 pecuniam
1098 2163 1201 2187 tutam
1239 2163 1272 2187 ct
1305 2167 1420 2197 pacem
1462 2156 1559 2189 Gran.
1594 2163 1623 2188 et
1653 2156 1725 2198 My.

312 2215 384 2247 Em.
413 2214 488 2246 Ι576
514 2214 629 2255 (Gron.
657 2214 801 2255 pecunia
836 2214 965 2245 tantula
987 2215 1062 2255 aut)
1099 2215 1102 2254 Ι
1136 2215 1260 2245 habere
1294 2224 1367 2254 quae
1399 2224 1460 2255 pei·
1518 2218 1536 2246 3
1576 2223 1640 2245 auc
1675 2224 1726 2245 re-

313 2278 429 2313 ceptus
468 2273 577 2310 (ἲν-ουτ,
611 2272 684 2303 Em.
713 2271 732 2303 l.
760 2284 786 2303 c.
815 2270 931 2313 (Ga-yn.
960 2281 998 2302 ac
1025 2274 1194 2312 receptus)
1217 2271 1221 2312 Ι
1244 2272 1367 2302 inicum
1418 2275 1437 2302 4
1464 2278 1580 2313 posset
1604 2271 1725 2303 seciere

311 2341 342 2379 2,
376 2346 386 2372 1
429 2341 685 2381 sedtumtegenti
714 2340 801 2380 regis
828 2339 959 2382 Kreyss.
987 2345 1015 2370 et
1040 2339 1159 2378 Bet-ka,
1185 2339 1257 2371 Em.
1290 2339 1309 2371 1.
1337 2351 1362 2371 c.
1391 2339 1508 2381 (Gr-yn.
1539 2341 1596 2371 sed
1622 2341 1722 2371 etiam

311 2399 421 2431 Gentii
449 2399 552 2439 rogis)
577 2399 581 2437 Ι
604 2405 636 2429 et
662 2407 735 2428 cum
803 2401 821 2428 2
855 2397 1033 2438 inlyricum
1069 2398 1073 2435 Ι
1106 2398 1226 2437 ingens
1257 2397 1405 2428 oblatum
1433 2398 1574 2428 auaritia
1610 2396 1720 2429 ll⁷eiss.

309 2467 378 2499 Alii
394 2469 512 2507 ingens
532 2476 655 2507 agmen
676 2467 742 2497 obl.
787 2466 818 2503 3,
845 2470 854 2496 l
881 2453 1073 2497 ucnicibant
1095 2467 1100 2505 Ι
1122 2467 1261 2506 potitum
1303 2465 1335 2503 4,
1353 2470 1370 2496 2
1387 2475 1490 2506 equos
1518 2466 1620 2496 imillc
1653 2465 1684 2504 5,
1704 2470 1716 2496 l

308 2527 537 2569 uenicustibus
573 2536 577 2576 Ι
613 2536 720 2576 elpcio
749 2534 818 2576 319.
847 2534 964 2576 (Gryn.
993 2535 1138 2576 Enipeo)
1173 2535 1177 2574 Ι
1213 2534 1315 2565 obuia
1381 2538 1399 2565 3
1427 2535 1639 2575 propriaqum
1665 2540 1719 2566 sut

305 2606 404 2636 supra
425 2593 578 2634 posterius
605 2602 625 2622 u
652 2592 769 2633 scripto
789 2602 807 2622 n
856 2594 887 2630 43,
907 2596 925 2623 2
950 2591 1048 2634 Grssn.
1069 2602 1186 2633 parum
1207 2592 1279 2622 auri
1297 2590 1370 2623 Em.
1391 2590 1476 2622 577.
1501 2591 1506 2633 Ι
1529 2602 1613 2631 quos
1632 2593 1719 2623 inter
