1796 2929
513 135 615 166 Liber
640 134 765 166 XLIV.
810 135 872 173 (A.
902 132 981 164 Chr.
1014 133 1109 173 168.)
1385 138 1450 171 171

104 257 255 293 habere.
320 257 574 294 Macedonum
607 258 679 295 dici
712 258 835 294 XXX
877 258 982 293 milia
1023 264 1257 293 armatorum
1298 268 1392 294 esse.
1474 255 1514 291 Si

104 328 180 374 Ap.
214 325 376 363 Claudio
417 327 517 362 circa
553 327 787 375 Lychnidum
836 327 929 362 satis
974 326 1123 361 validus
1170 325 1358 361 exercitus
1403 325 1513 366 foret,

104 396 272 443 potuisse
313 395 467 443 ancipiti
504 395 602 432 bello
643 396 812 432 distineri
846 407 993 443 rcgem3
1039 407 1137 430 nunc
1175 402 1212 430 et
1240 394 1434 442 Appium,
1479 400 1514 429 et

104 465 202 512 quod
232 477 315 501 cum
347 477 392 501 eo
424 465 588 513 praesidii
619 466 686 510 sit,
726 466 763 501 in
795 477 944 501 summo
976 464 1144 512 periculo
1177 476 1279 507 esse,
1323 464 1394 499 nisi
1426 476 1513 512 pro-

103 547 192 583 perc
223 541 289 570 aut
318 535 436 570 iustus
467 535 656 570 exercitus
686 547 731 571 eo
769 535 942 570 mittatur
972 541 1037 570 ant
1067 533 1118 569 illi
1150 533 1235 569 inde
1265 533 1512 571 deducantur.

103 603 167 640 Ad
195 603 353 640 classem
372 616 412 640 se
429 617 476 640 cx
507 604 642 640 castris
674 604 880 653 profectos.
913 603 1102 640 sociorum
1139 603 1332 639 navalium
1367 612 1513 650 partem

104 673 237 709 morbo
269 673 422 710 audisse
459 675 725 722 absumptam,
771 681 945 721 partem,
991 673 1157 709 maxime
1201 673 1265 720 qni
1307 685 1354 708 ex
1386 672 1515 709 Sicilia

104 741 263 787 fuerint,
308 743 444 779 domos
474 755 566 779 suas
599 744 744 786 abisse,
787 750 823 779 et
854 743 1026 779 homines
1057 743 1221 778 navibus
1252 742 1401 784 deesse3
1451 740 1515 788 qni

102 811 188 855 sint,
233 824 355 859 neque
398 812 626 860 stipendium
680 813 873 860 accepisse
920 825 1043 860 neque
1087 812 1314 848 vestimenta
1358 811 1514 849 habere.

103 881 299 917 Eumenen
331 881 569 929 classemque
600 882 695 924 eins,
725 890 921 929 tamquam
954 889 1067 917 vento
1093 881 1243 916 adlatas
1275 892 1405 923 naves,
1436 880 1515 915 sine

102 962 220 987 causa
250 957 287 986 et
318 950 465 986 venisse
510 957 547 986 et
590 951 737 995 abisse,
781 963 850 987 nec
892 951 1059 987 animum
1097 951 1177 986 cius
1208 950 1308 997 regis
1339 956 1516 985 constare

102 1020 195 1056 satis
226 1019 362 1058 visum.
420 1020 526 1058 Sicut
556 1020 684 1056 omnia
715 1020 762 1056 de
783 1021 956 1057 Eumene
985 1019 1114 1064 dubia,
1145 1021 1196 1055 ita
1213 1018 1336 1056 Attali
1366 1019 1516 1066 egregie

103 1095 339 1126 constantem
371 1089 482 1126 fidem
516 1090 755 1126 nuntiabant.

214 1159 372 1207 Legatis
405 1160 566 1204 auditis,
611 1167 701 1196 tunc
744 1159 791 1195 de
833 1158 931 1195 bello
968 1158 1111 1195 referre
1139 1171 1224 1195 sese
1254 1159 1298 1197 L.
1328 1158 1512 1195 AEmilius

103 1228 208 1264 dixit.
272 1228 437 1266 Senatus
467 1229 654 1273 decrevit,
701 1235 743 1265 ut
773 1229 810 1265 in
846 1236 932 1265 octo
961 1229 1131 1277 legiones
1158 1241 1290 1276 parem
1317 1240 1515 1264 numerum

102 1298 340 1334 tribunorum
367 1299 541 1335 consules
557 1304 594 1334 et
627 1298 791 1347 populus
822 1306 986 1343 crearet3
1017 1298 1139 1334 creari
1171 1305 1297 1334 autem
1329 1298 1518 1334 neminem

104 1379 149 1403 co
181 1380 281 1404 anno
312 1369 483 1416 placere,
514 1368 585 1404 nisi
617 1368 681 1415 qni
710 1369 895 1404 honorem
926 1367 1118 1416 gessisset.
1183 1367 1284 1403 Tum
1317 1380 1364 1403 ex
1397 1366 1517 1403 omni-

106 1437 175 1473 bus
205 1437 365 1473 tribunis
399 1438 556 1474 militum
587 1437 641 1473 uti
677 1438 722 1476 L.
752 1437 936 1474 AEmilius
966 1437 1003 1472 in
1035 1436 1132 1472 duas
1162 1435 1333 1484 legiones
1363 1436 1401 1472 in
1432 1437 1517 1472 Ma-

104 1506 316 1551 cedoniam,
348 1519 445 1554 qnos
480 1520 610 1543 eorum
644 1507 746 1545 velit,
777 1507 912 1555 eligat,
943 1513 981 1542 et
1012 1512 1063 1551 ut,
1097 1505 1273 1542 sollemni
1292 1505 1516 1541 Latinarum

105 1576 288 1624 perfecto,
320 1577 364 1616 L,
396 1577 579 1613 AEmilius
613 1576 758 1619 consul,
790 1575 858 1614 Cn.
890 1576 1076 1614 Octavius
1106 1582 1261 1623 praetor‚
1294 1575 1353 1611 cui
1384 1574 1517 1611 classis

104 1645 323 1693 obtigisset,
353 1645 391 1682 in
422 1646 658 1694 provinciam
690 1645 992 1694 proficiscantur.
1065 1645 1232 1681 Additus
1263 1650 1318 1680 est
1352 1644 1411 1680 his
1441 1650 1516 1680 ter-

104 1714 177 1750 tius
208 1714 253 1751 L.
286 1714 444 1750 Anicius
476 1723 635 1763 praetor,
665 1715 772 1751 cuius
801 1715 900 1750 inter
929 1714 1152 1763 peregrinos
1182 1713 1394 1749 iurisdictio
1423 1719 1517 1751 erat.

105 1783 202 1820 Eum
240 1783 278 1820 in
315 1784 551 1832 provinciam
597 1785 791 1833 Illyricum
836 1785 938 1822 circa
978 1784 1214 1833 Lychnidum
1245 1783 1324 1831 Ap.
1354 1782 1518 1820 Claudio

104 1852 306 1889 succedere
336 1852 490 1901 placuit.
571 1843 744 1890 Dilectus
785 1867 877 1891 cura
908 1854 950 1891 C.
983 1853 1132 1891 Licinio
1163 1852 1311 1889 consuli
1340 1852 1518 1900 inposita.

106 1923 145 1958 Is
182 1929 326 1970 septem
365 1923 469 1958 milia
513 1923 651 1959 civium
684 1924 945 1959 Romanorum
993 1930 1030 1959 et
1066 1922 1213 1970 equites
1244 1921 1310 1959 CC
1352 1923 1519 1958 scribere

106 1991 242 2035 iussus,
273 1999 309 2028 et
339 1993 452 2029 sociis
483 1992 646 2028 nominis
664 1992 792 2028 Latini
808 2000 954 2040 septem
986 1993 1089 2028 milia
1119 1992 1288 2040 peditum
1311 1991 1512 2040 imperare,

106 2060 239 2098 CCCC
269 2062 437 2110 equites,
470 2068 506 2098 et
536 2060 606 2100 Cn.
638 2061 815 2101 Servilio,
850 2061 1020 2098 Galliam
1051 2061 1235 2109 optinenti
1266 2061 1515 2108 provinciam,

106 2207 137 2246 5,
165 2212 184 2239 2
211 2209 405 2249 lycanidum
441 2208 445 2247 Ι
480 2208 642 2239 exercitui
714 2211 733 2238 3
772 2208 939 2249 potuisset
969 2207 1003 2237 in
1039 2206 1177 2248 ancipiti
1210 2196 1292 2238 rello
1320 2207 1420 2246 (corr.
1444 2206 1518 2237 ead.

107 2277 200 2297 manu
226 2267 332 2305 bello)
349 2264 352 2307 l
371 2266 536 2297 destinere
554 2264 652 2296 Gron.
683 2264 801 2306 (Gryn.
829 2264 1006 2304 distinere)
1030 2265 1034 2304 Ι
1057 2269 1089 2294 et
1114 2274 1189 2295 cum
1216 2273 1255 2294 eo
1306 2267 1324 2294 5
1353 2264 1520 2295 ducantur

107 2323 138 2360 6,
170 2327 182 2354 l
203 2323 244 2354 In
269 2333 303 2355 se
328 2322 432 2354 littera
458 2333 472 2353 s
496 2333 596 2363 supra
622 2321 739 2353 addita
761 2323 766 2362 Ι
787 2321 959 2363 profectus
1009 2324 1030 2351 2
1058 2322 1207 2352 audisset
1232 2321 1448 2362 adsumptum
1498 2325 1518 2352 3

107 2401 184 2423 suos
212 2390 216 2430 l
245 2379 568 2423 hominesdnauibus
626 2390 657 2427 7,
688 2394 702 2422 1
732 2391 847 2421 adlata
907 2394 926 2421 3
953 2389 1056 2420 dubia
1080 2389 1175 2420 attali
1205 2388 1304 2421 Gron.
1333 2388 1337 2430 Ι
1367 2390 1519 2429 aegregiae

107 2448 204 2486 XXI,
231 2448 262 2486 1,
293 2452 305 2479 1
335 2449 479 2499 andsitis
533 2449 565 2487 2,
596 2452 608 2479 l
639 2449 685 2479 uti
712 2455 790 2478 octo
840 2451 857 2477 2
886 2447 1028 2488 populos
1051 2448 1056 2488 1
1081 2446 1176 2477 Frob.
1204 2446 1254 2478 II.
1282 2452 1437 2477 crearent
1484 2446 1517 2486 3,

108 2520 126 2548 2
154 2523 194 2548 tr.
221 2517 288 2549 mil.
346 2516 380 2556 4,
407 2521 426 2548 2
453 2508 584 2549 anicius
611 2522 650 2548 tr.
679 2517 773 2548 cuius
835 2519 855 2546 3
881 2515 1066 2556 lycidinum
1128 2519 1147 2546 4
1174 2515 1368 2546 succederet
1429 2514 1472 2553 5,
1502 2517 1513 2545 1

108 2585 259 2618 delectus
285 2585 350 2625 (sil.
377 2586 408 2626 ἓ)
430 2589 435 2627 ἶ
457 2586 612 2627 inpositis
640 2583 786 2616 centum
823 2583 884 2613 11'2'1·
909 2595 999 2615 verus
1025 2590 1069 2615 est
1092 2595 1245 2615 numerus.
1297 2584 1329 2622 6,
1360 2588 1372 2614 l
1404 2583 1518 2614 latinis

109 2646 127 2672 2
154 2652 233 2674 cccc
257 2644 334 2682 equi
360 2649 393 2674 et

1547 258 1568 292 οι
