1742 2902
218 108 240 142 2
634 103 737 134 Liber
762 103 854 134 XLI.
907 104 969 142 (A.
996 113 1028 133 u.
1057 112 1083 133 e.
1113 102 1210 142 576.)

217 235 404 270 tueretur,
434 227 521 269 via,
551 238 635 273 quae
666 225 884 273 Aquileiam
916 225 1013 270 fert,
1054 227 1254 263 duxerant.
1309 226 1375 262 Ab
1407 225 1539 262 ea‘lem
1570 239 1630 262 re-

216 297 329 345 gione
361 296 461 331 mille
490 294 610 331 ferme
647 307 828 342 passuum
871 303 998 332 castra
1029 304 1138 333 erant
1169 296 1392 337 Galim-unu
1434 292 1631 331 Catmelus

216 366 369 414 regulus
400 371 563 413 praeerat
593 365 713 400 tribus
745 366 846 402 haud
876 367 1040 415 amplius
1072 366 1223 402 milibus
1255 371 1503 401 armatorum.

330 435 464 473 Histri.
510 442 550 470 ut
594 435 756 483 primum
803 436 850 471 ad
895 435 1019 471 lacum
1066 436 1219 472 Timavi
1265 444 1392 472 castra
1435 440 1522 469 sunt
1553 433 1631 470 Ro-

219 518 334 542 mana
365 513 484 545 mota,
511 504 583 553 ipsi
616 513 703 553 post
723 505 857 540 collem
886 505 1036 541 occulto
1067 504 1152 540 loco
1183 505 1448 547 consederunt,
1479 511 1512 539 et
1544 502 1633 539 inde

218 575 384 622 obliquis
414 575 612 611 itineribus
644 587 781 623 agmen
813 575 1091 621 sequebantur,
1130 574 1166 609 in
1207 587 1356 610 omnem
1389 573 1631 609 occasionem

217 644 369 686 intenti;
400 657 469 681 nee
487 645 691 692 quicquam
711 656 789 685 eos,
808 656 892 691 quae
909 653 1009 679 terra
1027 644 1201 691 marique
1221 652 1437 691 agerentur,
1461 642 1631 678 fallebat.

219 714 433 762 Postquam
464 716 648 750 stationes
679 713 869 750 invalidas
900 725 982 749 esse
1011 726 1081 761 pro
1106 714 1253 756 castris,
1282 714 1405 750 forum
1432 712 1544 747 turba
1574 711 1634 747 in-

219 784 312 819 ermi
344 783 522 832 frequens
552 783 650 820 inter
672 792 798 819 castra
820 791 856 819 et
878 795 982 819 mare
1005 784 1314 824 commeantium,
1348 784 1428 819 sine
1451 782 1526 818 ullo
1559 790 1634 818 ter-

216 853 328 890 restri
360 863 425 889 aut
456 854 648 890 maritimo
680 854 927 896 munimento,
956 853 1151 897 viderunt,
1194 854 1270 889 duo
1301 852 1413 889 simul
1444 851 1635 900 praesidia,

217 923 452 959 Placentinae
483 924 651 960 cohortis
690 931 726 960 et
759 924 1038 972 manipulorum
1071 924 1247 960 secundm
1278 922 1458 971 legionis,
1499 921 1635 970 adgre-

219 993 385 1028 diuntur.
432 994 587 1030 Nebula
618 993 804 1030 matutina
835 1001 981 1029 texerat
1013 994 1225 1042 inceptum3
1259 1007 1334 1041 qua
1366 992 1557 1028 dilabente
1587 991 1636 1027 ad

218 1063 382 1111 primum
415 1071 585 1111 teporem
617 1063 728 1106 solis,
766 1063 965 1111 perlucens
1004 1063 1079 1099 iam
1113 1064 1279 1111 aliquid,
1319 1064 1462 1099 incerta
1494 1071 1636 1106 tamen,

219 1141 259 1169 ut
286 1132 404 1176 solet,
445 1132 534 1177 lux,
574 1133 738 1181 speciem
779 1133 946 1168 omnium
987 1133 1231 1181 multiplicem
1271 1133 1429 1169 intuenti
1461 1131 1638 1176 reddens,

219 1211 299 1240 tum
333 1216 487 1252 quoque
511 1203 698 1239 frustrata
717 1204 927 1246 Romanos,
959 1203 1078 1238 multo
1106 1204 1286 1239 maiorem
1314 1203 1371 1247 iis,
1403 1214 1516 1250 quam
1542 1207 1638 1244 erat,

170 1287 180 1294 ·
219 1274 385 1310 hostium
421 1273 542 1309 aciem
574 1273 750 1309 ostendit.
811 1272 899 1319 Qua
927 1267 1045 1308 territi
1078 1273 1273 1320 utriusque
1294 1272 1469 1308 stationis
1501 1270 1637 1306 milites

218 1344 362 1393 ingenti
403 1343 565 1379 tumultu
603 1355 688 1378 cum
730 1343 767 1378 in
806 1350 933 1378 castra
963 1343 1246 1391 confugissent,
1294 1342 1395 1379 haud
1440 1340 1555 1389 paulo
1585 1339 1639 1376 ibi

182 1429 187 1436 ·
220 1414 319 1462 plus,
348 1426 464 1461 qnam
499 1413 601 1461 quod
626 1425 754 1449 secum
778 1413 849 1462 ipsi
870 1413 1089 1456 attulerant,
1122 1412 1278 1448 terroris
1306 1412 1487 1448 fecerunt.
1533 1410 1638 1447 Nam

221 1497 346 1533 neque
375 1485 522 1528 dicere,
554 1483 643 1528 quid
675 1482 881 1530 fugissent,
926 1495 993 1519 nec
1020 1482 1333 1530 percontantibus
1374 1481 1534 1517 reddere
1574 1493 1641 1516 re-

222 1568 404 1605 sponsum
429 1561 622 1603 poterant,
652 1561 688 1589 et
717 1552 863 1588 clamor
885 1553 921 1588 in
947 1553 1080 1601 portis,
1113 1561 1153 1588 ut
1179 1553 1241 1588 ubi
1268 1551 1369 1587 nulla
1395 1558 1491 1586 esset
1511 1549 1642 1593 statio,

223 1638 308 1673 quae
337 1625 539 1660 sustineret
564 1624 763 1670 impetum,
794 1623 1033 1665 audiebatur,
1064 1631 1098 1659 et
1131 1622 1374 1658 concursatio
1405 1620 1442 1655 in
1475 1620 1639 1655 obscuro

222 1695 469 1731 incidentium
502 1694 663 1730 aliorum
695 1694 731 1730 in
765 1693 861 1729 alios
891 1693 1074 1728 incertum
1106 1693 1269 1737 fecerat,
1311 1705 1358 1728 an
1389 1691 1510 1728 hostis
1540 1690 1642 1725 intra.

222 1765 365 1801 vallum
397 1771 509 1801 esset.
577 1765 667 1802 Una
707 1776 784 1799 vox
828 1763 1056 1798 audiebatur
1096 1763 1145 1798 ad
1181 1775 1286 1799 mare
1325 1761 1564 1804 vocantium
1603 1760 1642 1796 id

222 1835 322 1872 forte
356 1843 498 1871 temere
530 1835 578 1870 ab
609 1847 685 1870 uno
726 1833 981 1869 ex‹·la111atnm
1018 1833 1106 1868 totis
1141 1833 1282 1880 passim
1316 1833 1547 1880 personabat
1577 1842 1642 1866 ca-

225 1906 325 1942 stris.
386 1906 524 1952 Itaque
554 1904 698 1952 prium,
730 1903 834 1938 velut
864 1902 954 1938 iussi
986 1902 1022 1937 id
1055 1901 1202 1944 faeere,
1231 1901 1364 1949 pauci,
1400 1901 1522 1937 maior
1551 1912 1642 1949 pars

223 1976 400 2018 inermes,
426 1974 474 2010 ad
499 1987 603 2010 mare
627 1973 844 2015 decurrunt,
869 1972 954 2008 dein
978 1971 1118 2020 plures,
1141 1980 1334 2020 postremo
1363 1983 1483 2019 prope
1509 1982 1643 2007 omnes

224 2053 262 2082 et
291 2046 373 2094 ipse
403 2044 557 2088 consul,
601 2056 699 2086 cum,
730 2042 873 2080 frustra
914 2054 1098 2077 revocare
1137 2040 1326 2089 fugientes
1359 2050 1532 2083 conatus,
1574 2052 1643 2077 nec

224 2117 385 2165 imperio
426 2127 495 2151 nec
527 2114 755 2150 auctoritate
793 2125 861 2149 nee
902 2112 1078 2161 precibus
1116 2111 1162 2145 ad
1195 2119 1405 2146 extremum
1446 2110 1643 2146 valuisset.

228 2188 338 2224 Unus
376 2184 561 2221 remansit
603 2185 654 2219 M.
696 2183 863 2219 Licinius
902 2182 1065 2224 Strabo,
1110 2177 1282 2217 ti-ibunus
1321 2181 1479 2216 militum
1523 2180 1644 2216 tertiae

226 2256 411 2304 legionis,
454 2267 538 2290 curn
581 2254 700 2290 tribus
731 2253 849 2301 signis
880 2265 900 2288 e
931 2252 1081 2300 legione
1109 2264 1181 2287 sua
1210 2251 1374 2287 relictus.
1433 2250 1567 2295 Hunc,
1605 2249 1644 2286 in

229 2443 261 2478 8,
289 2447 306 2473 ‘2
335 2442 509 2473 Catmelus
543 2452 605 2483 pro
633 2441 749 2481 regulo
777 2446 848 2472 erat
876 2439 948 2481 Ilsy.
974 2438 1044 2470 Em.
1072 2437 1148 2470 494.
1198 2442 1217 2469 3
1246 2445 1304 2469 aut
1336 2438 1481 2478 amplius
1516 2436 1644 2468 Floreb.

231 2499 278 2531 II.
306 2499 336 2533 2,
366 2504 384 2528 3
401 2499 566 2530 Drakenb.
595 2500 774 2540 quicquum
803 2508 932 2535 corum,
960 2507 1034 2537 quie
1067 2497 1098 2531 3,
1121 2499 1131 2526 l
1152 2506 1266 2526 corum
1295 2496 1393 2526 turba
1414 2497 1550 2526 int-imis
1577 2494 1644 2526 fre-

231 2566 337 2596 quens
365 2556 511 2596 ›bculiyer
537 2556 678 2595 (sorum)
703 2562 733 2587 et
762 2555 861 2588 Gron.
909 2559 928 2586 2
957 2555 1177 2585 met-cautium
1203 2554 1300 2585 (jv-on.
1356 2552 1388 2587 8.
1421 2556 1430 2583 t
1462 2553 1559 2593 pauci
1591 2563 1646 2584 at·-

233 2615 325 2651 muss,
354 2614 459 2644 maior
498 2613 569 2655 My.
595 2614 667 2645 Em.
696 2613 773 2645 494.
832 2614 864 2651 9,
893 2617 912 2644 2
946 2613 988 2643 ab
1015 2612 1148 2652 legione
1175 2610 1246 2652 all-rs.
1274 2609 1346 2642 Em.
1374 2608 1453 2641 495.
