1753 2934
501 137 600 168 Liber
624 136 748 167 XLIV.
807 135 865 175 (A.
897 134 972 166 Chr.
1005 134 1096 173 168.)
1367 134 1439 170 197

105 260 242 299 vellet.
287 268 372 296 tunc
410 272 560 307 qnoque
598 272 664 308 per
702 259 865 307 speciem
897 257 1117 294 immolandi
1148 264 1266 292 terere
1295 254 1496 290 videbatur

105 336 267 378 tempus.
307 329 401 366 Cum
428 330 509 365 luce
539 330 662 377 prima
689 329 796 377 signo
826 328 1021 376 proposito
1053 339 1187 375 pugnae
1217 324 1429 362 exeundum
1460 324 1497 360 in

107 400 225 436 aciem
268 399 418 443 fuisset,
461 400 571 435 tertia
613 399 762 435 demum
806 398 920 441 hora,
950 397 1136 433 sacrificio
1168 397 1237 432 rite
1267 401 1498 443 perpetrato,

106 470 156 506 ad
186 470 380 506 consilium
411 469 586 513 vocavit,
635 469 758 516 adque
797 467 867 512 ibi,
913 467 1014 515 quod
1052 467 1105 503 rei
1146 465 1320 514 gerendae
1351 472 1498 512 tempus

104 546 215 583 esset,
245 539 434 587 loquendo
465 546 501 574 et
531 538 792 587 intempestive
822 537 1071 574 consultando
1108 537 1308 572 videbatur
1345 534 1499 582 quibus-

103 610 193 646 dam
224 610 434 646 extrahere.
501 609 521 631 *
542 610 564 630 *
594 620 786 645 sermones
820 608 933 644 talem
967 607 1098 644 consul
1128 606 1336 643 orationem
1358 604 1500 642 habuit.

191 680 260 724 „P-
291 679 446 723 Nasica,
476 678 649 726 egregius
677 679 909 723 adulescens,
943 690 989 714 ex
1021 677 1194 714 omnibus
1225 688 1332 719 unus,
1363 675 1499 723 quibus

103 751 279 786 hesterno
310 749 368 785 die
398 750 558 797 pugnari
587 749 748 798 placuit,
789 748 994 784 denudavit
1024 747 1114 784 mihi
1143 759 1250 783 suum
1284 745 1501 790 consilium3

103 820 202 856 idem
233 826 379 868 postea,
408 819 461 855 ita
492 826 531 855 ut
555 820 734 856 transisse
756 819 794 855 in
819 818 1042 855 sententiam
1073 829 1195 853 meam
1218 816 1336 852 videri
1361 821 1501 864 posset,

102 889 231 926 tacuit.
290 889 525 936 Quibusdam
557 889 639 925 aliis
670 891 862 927 absentem
899 900 1055 936 carpere
1087 887 1354 935 imperatorem
1386 898 1499 933 quam

97 966 325 1008 praesentem
371 972 523 995 monere
552 960 684 996 melius
713 959 835 995 visum
866 965 933 994 est.
994 958 1044 994 Et
1074 957 1162 1002 tibi,
1202 957 1248 994 P.
1279 956 1435 997 Nasica,
1466 962 1502 991 et

103 1029 331 1077 quicumque
360 1030 481 1073 idem,
516 1030 618 1077 quod
648 1036 704 1078 tu,
748 1028 929 1065 occultius
959 1034 1174 1073 senserunt,
1203 1039 1279 1063 non
1309 1027 1502 1074 gravabor

101 1099 260 1135 reddere
299 1099 424 1135 dilatae
460 1112 595 1148 pugnae
636 1099 835 1137 rationem.
899 1098 1000 1135 Nam
1032 1104 1177 1133 tantum
1209 1098 1334 1138 abest,
1373 1103 1413 1132 ut
1442 1109 1501 1133 me

102 1168 286 1205 hesternae
327 1169 460 1217 quietis
503 1170 700 1218 paeniteat,
745 1176 785 1205 ut
821 1175 1011 1204 servatum
1055 1180 1078 1203 a
1115 1180 1174 1203 me
1213 1166 1417 1203 exercitum
1455 1178 1500 1203 eo

99 1239 259 1275 consilio
290 1240 453 1276 credam.
497 1240 543 1275 In
573 1252 647 1287 qua
678 1252 738 1275 me
770 1239 947 1287 opinione
976 1238 1056 1274 sine
1087 1250 1203 1275 causa
1230 1249 1312 1273 esse
1341 1250 1387 1273 ne
1418 1238 1501 1285 quis

100 1316 268 1346 vestrum
294 1309 433 1353 credat,
449 1315 710 1357 recognoscat,
740 1321 810 1357 age
832 1309 933 1352 dum,
958 1320 1116 1353 mecum,
1142 1307 1173 1343 si
1197 1307 1356 1353 videtur,
1387 1319 1500 1355 quam

103 1378 222 1414 multa
250 1392 318 1427 pro
340 1380 447 1415 hoste
476 1387 511 1414 et
537 1379 719 1415 adversus
742 1391 811 1415 nos
837 1378 988 1415 fuerint.
1025 1378 1108 1413 Iam
1134 1377 1301 1413 omnium
1325 1378 1501 1426 primum,

103 1454 285 1496 quantum
326 1461 481 1485 numero
522 1461 591 1485 nos
635 1456 831 1497 praestent,
874 1447 1060 1484 neminem
1099 1454 1264 1483 vestrum
1305 1459 1373 1484 nec
1415 1455 1502 1484 ante

101 1517 297 1565 ignorasse
327 1525 363 1554 et
391 1519 566 1555 hesterno
597 1519 668 1564 die,
702 1519 927 1568 explicatam
950 1518 1135 1554 intuentes
1167 1517 1298 1561 aciem,
1329 1517 1499 1553 animad-

100 1587 260 1623 vertisse
290 1594 430 1624 certum
462 1590 597 1626 habeo.
665 1590 728 1626 Ex
760 1590 831 1626 hac
860 1596 991 1625 nostra
1023 1588 1214 1636 paucitate
1245 1594 1382 1635 quarta
1410 1599 1499 1636 pars

101 1657 259 1692 militum
290 1658 465 1704 praesidio
502 1659 766 1708 inpedimentis
803 1659 933 1696 relicta
973 1666 1077 1702 erat;
1114 1669 1183 1694 nec
1212 1658 1498 1706 ignavissimum

100 1738 290 1775 quemque
319 1727 479 1776 relinqui
512 1730 560 1765 ad
591 1729 801 1766 custodiam
833 1728 1068 1765 sarcinarum
1108 1728 1220 1766 scitis.
1281 1728 1357 1765 Sed
1386 1727 1499 1765 fueri-

100 1808 184 1832 mus
214 1810 364 1841 omnes3
406 1811 565 1847 parvom
595 1801 667 1837 hoc
697 1800 848 1836 tandem
881 1810 963 1836 esse
994 1798 1203 1842 credimus,
1234 1799 1336 1846 quod
1366 1811 1413 1834 ex
1442 1798 1500 1834 his

101 1867 256 1910 castris,
294 1867 331 1903 in
372 1868 506 1915 quibus
536 1870 607 1906 hac
636 1876 747 1906 nocte
777 1870 1002 1913 mansimus,
1042 1869 1179 1905 exituri
1214 1869 1253 1905 in
1283 1869 1401 1906 aciem
1432 1869 1501 1905 ho-

102 1936 233 1973 diemo
272 1944 336 1973 aut
376 1950 564 1974 summum
605 1939 768 1975 crastino
803 1940 881 1985 die,
921 1939 952 1975 si
982 1938 1035 1974 ita
1063 1939 1269 1983 videbitur,
1305 1939 1375 1975 diis
1405 1939 1501 1975 bene

99 2005 331 2051 iuvantibus,
361 2007 517 2044 sumus?
560 2009 714 2045 Nihilne
742 2010 907 2055 interest,
937 2016 1063 2045 utrum
1093 2009 1260 2054 militem,
1295 2022 1406 2057 quem
1434 2022 1499 2046 ne-

227 2165 262 2185 u.

97 2197 123 2223 4
149 2193 294 2233 siguasm
321 2195 528 2235 propositum
553 2205 672 2235 pugnae
698 2197 739 2226 ad
772 2196 959 2227 exeundum
987 2195 1057 2237 My.
1085 2195 1157 2226 Em.
1181 2195 1249 2227 585
1283 2194 1402 2238 (Gryn.
1431 2196 1499 2236 sig-

102 2260 182 2281 num
215 2253 420 2293 propositum
446 2262 477 2292 p.
505 2253 546 2283 ad
573 2262 626 2284 ex.
677 2252 956 2295 Interpunctz'onem
983 2265 1062 2285 corr.
1090 2253 1196 2284 Drak.
1247 2253 1325 2285 Ante
1349 2254 1500 2285 sententia

101 2309 326 2340 terminabatur
358 2309 388 2340 ίη
420 2309 562 2351 fuisset.)
629 2310 683 2348 13,
712 2315 729 2342 2
766 2317 897 2352 tempus
924 2318 973 2343 est
1040 2315 1060 2342 3
1087 2311 1331 2353 intempestiuae
1395 2316 1414 2342 4
1442 2321 1498 2343 ex-

101 2366 235 2397 trahere
254 2376 426 2398 sermones
446 2367 611 2399 Lacunam
629 2369 748 2400 notavit
768 2368 838 2411 Mq.
876 2368 1005 2401 If'idetur
1014 2370 1136 2411 fuisse.-
1163 2370 1334 2401 Adversus
1357 2379 1413 2400 eos
1429 2379 1500 2401 ser-

102 2433 221 2455 mones
236 2423 354 2466 (Gryn.
370 2424 453 2456 Post
467 2427 648 2468 sermones)
662 2430 789 2467 ⁴ttamen
807 2427 923 2458 consul
943 2426 1178 2465 Roell2·us‚Em.
1190 2426 1263 2458 586
1297 2427 1497 2467 XXXVIII,

103 2480 169 2518 1‚1
199 2482 354 2513 omnibus
369 2492 410 2513 ex
426 2493 511 2514 unus
525 2483 677 2526 Anonym.
727 2484 790 2522 2‚l
821 2485 882 2516 alis
909 2488 926 2516 2
943 2486 1050 2516 uisum
1066 2492 1153 2516 esset
1167 2491 1200 2517 et
1213 2486 1258 2516 ibi
1306 2485 1337 2522 3,
1365 2489 1383 2516 2
1411 2487 1500 2526 quod

100 2539 268 2571 occultius
315 2539 347 2578 4,
364 2544 380 2571 2
398 2540 457 2581 (Η.
473 2542 633 2582 peniteat)
671 2545 690 2573 3
717 2542 873 2582 opinione
901 2552 972 2573 esse
989 2552 1030 2573 ne
1049 2543 1122 2584 quis
1141 2544 1211 2574 sine
1230 2553 1331 2574 causa
1348 2549 1497 2575 uestrum

113 2606 233 2638 Vahlen
260 2611 417 2648 (vestrum
444 2610 514 2640 sine
540 2620 643 2642 causa
669 2609 820 2652 Kreyss.)
878 2615 898 2642 4
923 2612 1075 2643 ueidetur
1129 2611 1159 2650 5,
1186 2615 1204 2643 3
1231 2612 1422 2653 inplicatam
1448 2613 1501 2643 in-

100 2666 228 2696 tuentis
257 2665 354 2698 Gron.
420 2665 451 2704 7,
490 2671 508 2698 3
536 2667 600 2699 hoc
626 2674 723 2699 nocte
748 2668 953 2700 mansiturus
979 2670 1098 2701 exituri
1155 2674 1174 2700 4
1200 2669 1378 2701 uidebatur

1535 396 1579 431 13

1557 670 1610 715 38

1534 1379 1554 1414 vi
