1742 2902
925 121 978 146 XX

359 240 453 288 Cap.
485 242 548 276 34.
568 242 588 274 5
620 245 720 274 reete
738 239 910 275 Kochius
939 239 1138 285 intellexit,
1169 252 1283 288 quum
1311 241 1348 276 in
1379 241 1510 278 codice
1539 250 1656 278 esset:

248 297 328 332 illos
358 295 527 339 (milites)
558 294 648 329 nihil
677 294 815 341 quodid
851 295 1013 333 futurum
1042 296 1090 331 sic
1122 307 1282 343 quoerere
1321 296 1383 332 ubi
1418 297 1543 333 datum
1585 299 1658 344 siq-

247 363 329 386 mem
358 352 405 386 sic
435 356 506 385 cnm
537 350 728 385 iiiz'litarem
757 361 905 396 operam
941 347 1105 399 [navare
1124 349 1296 399 debere}
1326 352 1396 387 sub
1427 351 1491 387 illo
1522 352 1661 399 quodid

248 406 365 441 latere
394 417 527 440 vocem
559 404 869 452 interrogationis
907 405 953 441 de
991 414 1163 454 tempore
1203 405 1385 450 indicem;
1425 406 1660 454 significatur

246 460 344 496 enim
378 459 513 495 milites
559 471 710 506 semper
741 459 791 495 ad
825 460 1041 496 navandam
1084 473 1240 508 operam
1279 469 1437 508 paratos
1477 473 1559 497 esse
1596 462 1659 498 de-

246 515 358 557 bere,
400 514 582 562 temporis
626 514 811 550 delectum
857 515 1080 562 imperatori
1134 516 1362 563 permittere.
1437 516 1513 554 Sed
1559 516 1662 564 quod

248 569 394 617 quando
423 569 594 617 scripsit,
631 577 782 617 poterat
814 570 969 617 propius
1014 569 1063 605 ad
1103 571 1271 606 codicem
1303 571 1444 613 accedi,
1485 579 1525 608 ut.
1563 578 1662 608 esset

248 625 339 660 nihil
363 637 432 672 quo
462 625 541 667 (lie,
584 637 658 660 una
689 624 815 660 littera
846 632 1036 667 correcta.
1077 637 1159 671 quae
1189 625 1402 673 depravata
1432 632 1510 670 est,
1545 639 1661 674 qiulm

249 679 276 715 d
303 679 479 715 librarius
518 679 566 715 ad
604 679 769 727 priorem
812 691 945 715 vocem
985 680 1165 715 traxisset
1206 681 1321 727 (quod
1350 680 1416 729 2'e);
1462 687 1499 717 et
1538 681 1662 717 acrius

246 734 320 770 hoc
351 741 408 770 est
440 746 554 782 quam
587 734 745 782 quando.
790 734 937 770 Eodem
971 735 1095 782 capite
1117 738 1138 781 ξ
1158 736 1179 771 9
1212 736 1342 771 omissi
1373 735 1527 772 alterius
1557 736 1664 772 verbi

249 790 423 834 (cerneret
454 801 522 837 pro
553 795 722 829 cerneret,
752 789 874 834 sciret)
913 796 1025 825 tenue
1054 797 1228 837 superest
1256 791 1294 826 in
1325 791 1455 827 codice
1483 791 1663 827 indicium

248 845 339 892 (qui,
369 857 445 880 non
477 845 595 891 quis),
624 844 690 880 sed
722 845 824 892 quod
854 844 947 880 satis
977 845 1044 887 sit,
1090 845 1269 892 quoniam
1301 846 1338 881 in
1369 845 1551 893 primaria
1581 857 1664 882 sen-

249 900 368 936 tentia
409 900 445 937 h.
478 900 499 934 l.
532 912 606 935 non
651 906 752 935 recte
796 900 984 936 diceretur
1032 906 1188 936 cerneret
1231 913 1302 948 pro
1350 901 1560 946 inlelliqeret
1599 907 1664 937 aut

251 956 368 998 sciret,
399 955 445 990 de
477 955 695 990 coniectura
726 967 775 990 ex
804 955 918 991 rebus
952 954 1041 990 visis
1073 952 1246 1003 capta.¹)

363 1006 451 1048 Lib.
480 1006 605 1051 XLV,
658 1012 677 1044 7
696 1038 704 1052 ,
751 1010 772 1045 2
823 1022 898 1045 non
947 1011 1188 1046 scribendum
1233 1009 1350 1046 fuisse
1399 1016 1499 1046 tanta
1549 1011 1666 1046 :italii-

253 1065 359 1106 caclo,
399 1065 485 1108 sed,
524 1065 626 1112 quod
656 1077 790 1112 reapse
821 1065 857 1101 in
888 1065 1018 1101 codice
1049 1072 1124 1110 est,
1158 1072 1295 1102 tantum
1327 1066 1446 1108 (tantu
1478 1065 1603 1101 littera
1633 1079 1663 1100 m

252 1120 369 1156 semel
398 1120 573 1168 scripta),
619 1119 861 1156 manifestum
908 1126 964 1156 est
1009 1133 1124 1168 quum
1166 1133 1214 1157 ex
1244 1134 1284 1156 re
1314 1122 1378 1167 (—
1413 1133 1501 1157 nam
1534 1127 1571 1157 et
1603 1120 1668 1156 alii

253 1187 328 1211 non
365 1176 529 1211 minores
567 1175 779 1211 excercitus
819 1183 1091 1212 concurreimt
1128 1176 1176 1212 ad
1216 1176 1435 1224 spectacula
1473 1182 1510 1212 et
1550 1175 1666 1212 multo

253 1230 377 1266 maior
405 1231 441 1266 in
474 1231 568 1266 urbe
599 1230 799 1266 multitudo
831 1231 921 1276 -),
961 1239 1038 1267 tum
1078 1243 1126 1267 ex
1157 1244 1223 1274 eo,
1255 1232 1380 1278 quod,
1420 1243 1503 1279 quae
1536 1230 1668 1266 Livius

254 1285 416 1324 subiicit.
448 1286 577 1321 omnia
607 1286 794 1333 pertinent
826 1286 874 1322 ad
904 1286 1110 1334 spectaculi
1141 1286 1440 1333 inignitudinem
1471 1285 1668 1322 declaran-

253 1340 354 1376 dam.
422 1344 444 1387 ξ
477 1344 497 1377 4
532 1341 623 1388 quid
652 1353 767 1376 unum
799 1341 986 1377 sententia
1016 1341 1251 1388 postnlwret
1282 1341 1375 1377 vidit
1405 1343 1522 1378 homo
1553 1340 1669 1376 raris·

254 1395 348 1432 sime
391 1395 428 1431 in
472 1396 723 1432 coniectando
764 1395 874 1437 felix,
916 1396 1134 1432 Douiatius.
1214 1396 1358 1433 Omnes
1404 1397 1468 1432 alii
1512 1396 1669 1433 comites

256 1450 407 1487 evasuri
441 1458 551 1487 erant
579 1451 713 1487 Persei
744 1451 984 1487 solitudinem
1017 1458 1053 1488 et
1083 1451 1363 1495 calamitatem3
1406 1452 1525 1494 filius,
1557 1463 1668 1498 quem

255 1505 376 1542 solum
409 1506 586 1542 comitem
617 1506 770 1551 habuit,
799 1506 911 1542 simul
940 1507 977 1542 in
1012 1507 1171 1543 eandem
1203 1506 1460 1543 calamitatem
1491 1506 1669 1554 delapsus

256 1561 570 1597 miserabiliorem
602 1569 750 1609 patrem
781 1562 960 1598 faciebat.

366 1615 462 1665 Cap.
500 1618 559 1660 10,
597 1619 641 1652 15
672 1616 710 1652 in
740 1617 813 1653 hac
843 1617 983 1652 codicis
1013 1617 1219 1664 scriptura:
1265 1628 1328 1652 nec
1366 1629 1403 1653 eo
1445 1618 1586 1663 sequius
1615 1618 1669 1652 iuss

256 1673 352 1708 dicia
389 1684 432 1707 em
476 1672 616 1707 decreto
656 1683 778 1707 coram
812 1672 866 1707 leis·
911 1671 970 1711 (C.
1002 1672 1156 1719 Popilio
1200 1678 1237 1708 et
1279 1670 1321 1708 C.
1353 1672 1546 1718 Decimio)
1574 1672 1672 1718 ¹sacti

255 1727 377 1763 rhodii
416 1727 675 1762 emercebantur
719 1739 828 1774 qztam
868 1727 1153 1774 perseuerabant
1196 1733 1269 1763 tam
1312 1728 1346 1762 ἰη
1385 1727 1593 1775 eoeequenda
1632 1739 1671 1763 re

258 1788 330 1818 tam
361 1782 505 1817 decima>
535 1783 662 1817 lenitas
693 1794 802 1829 quam
832 1783 906 1817 licre
934 1789 1155 1828 (lei-crentur,
1187 1782 1348 1830 primum
1381 1783 1494 1818 etiam
1516 1782 1667 1818 Vahlen

257 1837 351 1873 vidit
382 1849 429 1873 ex
460 1837 715 1872 mercabantur
744 1835 960 1873 faciendum
993 1849 1096 1877 esse,
1126 1844 1167 1872 ut
1197 1837 1406 1885 saepissime
1435 1837 1472 1873 in
1503 1837 1575 1873 hoc
1606 1849 1669 1872 co-

256 1892 362 1936 dice,
407 1892 627 1928 eoeereehant.
692 1891 805 1931 Dein,
837 1892 1024 1940 separatis
1054 1891 1111 1927 iis.
1147 1904 1231 1939 quae
1266 1892 1313 1928 ad
1347 1892 1523 1940 proxima
1555 1891 1669 1940 perti-

285 2058 320 2098 ¹)
353 2058 434 2099 Cap.
455 2061 509 2088 30.
530 2060 547 2087 5
565 2057 674 2097 fimi-1³
706 2061 816 2086 ortum
844 2063 893 2086 cst
919 2055 1097 2096 extri-atri.»-
1122 2056 1209 2085 iuter
1235 2054 1356 2094 dempto
1386 2061 1418 2086 ct
1443 2061 1531 2086 uictu.
1583 2052 1666 2095 Cap.

351 2108 406 2141 31,
434 2108 453 2134 3
493 2103 628 2134 barbari
668 2102 813 2133 nominis
849 2101 954 2132 forma
989 2102 1141 2132 restituta
1179 2099 1344 2140 (Clausal)
1385 2101 1529 2142 nequalia
1567 2099 1670 2131 efficit

351 2150 511 2181 orationis
538 2149 688 2180 membra
714 2149 764 2179 bis
791 2149 902 2189 posito
928 2159 958 2178 a.
1026 2146 1108 2187 Cap.
1139 2150 1192 2178 33.
1222 2151 1239 2177 3
1267 2157 1333 2178 uon
1370 2157 1473 2178 ausus
1511 2157 1582 2178 sum
1610 2147 1669 2178 ob-

353 2197 454 2227 latam
482 2197 515 2226 in
543 2196 658 2225 codice
684 2195 910 2235 antiquiorem
943 2194 1035 2224 vocis
1063 2193 1204 2224 sormam
1233 2194 1428 2235 (sesinii-›qest
1464 2193 1669 2231 oblitterare,

353 2243 425 2279 etsi,
453 2242 563 2272 Varro
590 2251 655 2282 quo
689 2250 812 2280 genere
837 2241 1007 2281 posuerit,
1047 2249 1112 2270 non
1141 2246 1266 2270 certum
1295 2246 1355 2271 cst.
1422 2238 1505 2279 Cap.
1533 2241 1587 2275 37,
1618 2242 1670 2279 13,

353 2289 406 2319 ubi
435 2289 467 2318 in
495 2289 609 2318 codice
636 2295 703 2318 cst:
738 2293 837 2318 tamen
864 2286 972 2317 consul
997 2286 1167 2316 orationem
1193 2285 1319 2321 hahuit,
1349 2296 1449 2327 quum
1477 2283 1669 2316 Gronovius

352 2335 433 2365 hanc
458 2333 565 2364 consul
589 2334 778 2373 suspicatus
805 2339 911 2367 essct,
944 2342 1008 2372 ego
1041 2338 1091 2362 ct.
1129 2333 1218 2372 quod
1254 2342 1320 2362 non
1356 2332 1668 2369 animadverteram,

353 2388 429 2412 ante
454 2380 606 2411 Rocllius
633 2379 735 2413 talem.
762 2378 946 2419 Seyffcrtus
973 2378 1114 2411 dubitat.
1144 2384 1252 2408 utrum
1281 2378 1523 2418 praeferendum
1551 2377 1612 2414 sit,
1638 2382 1671 2408 at

352 2427 461 2467 magis
488 2426 591 2457 crodit
618 2426 698 2457 lianc
724 2426 949 2457 scribendum.
990 2424 1088 2455 Hunc
1115 2425 1147 2454 in
1175 2434 1208 2454 rc
1236 2425 1428 2465 pei-pusilla,
1457 2424 1548 2464 quod
1574 2429 1669 2463 pote-

352 2483 420 2504 ram
446 2474 478 2503 in
505 2473 699 2503 maioribus.
726 2473 936 2503 admonitum
963 2471 1040 2501 volo
1076 2471 1168 2508 (unm
1195 2471 1296 2510 paulo
1333 2471 1498 2501 interdum
1537 2469 1670 2509 scripsit

351 2519 564 2558 iactantius),
592 2525 637 2550 ut,
667 2519 824 2559 inspectis
850 2518 981 2549 duobus
1007 2517 1092 2548 Livii
1119 2516 1220 2554 locis,
1247 2517 1290 2554 V,
1312 2521 1343 2551 3,
1367 2521 1377 2547 l
1409 2522 1442 2547 et.
1466 2515 1592 2552 XLIV,
1615 2519 1668 2553 22,

356 2569 394 2604 l,
427 2565 537 2604 simul,
564 2565 642 2604 quid
674 2565 714 2595 sit
741 2565 772 2594 in
800 2574 833 2595 rc
860 2565 975 2596 critica
999 2563 1194 2605 probabile,
1235 2563 1335 2603 paulo
1362 2563 1555 2602 diligentius
1589 2571 1669 2593 con·

353 2613 484 2643 sidet-ct.
