1753 2934
466 135 566 166 Liber
590 133 696 165 XLV.
765 134 824 174 (A.
856 133 932 164 Chr.
964 133 1054 173 167.)
1322 134 1392 169 231

59 272 144 309 spes
174 260 359 295 honorum
382 258 698 306 praemiorumque
721 258 768 293 ab
798 265 943 300 senatu„
964 269 1056 304 quae
1086 257 1150 292 vix
1179 255 1287 291 salva
1316 254 1454 302 pietate

60 330 93 366 ei
123 329 339 376 contingere
368 334 555 375 poterant.
612 328 733 364 Erant
762 326 858 362 enirn
894 327 1047 374 quidam
1072 327 1328 363 Romanorum
1361 337 1454 372 quo-

61 411 132 448 que
155 411 229 434 non
256 398 344 434 boni
369 403 555 441 auctores,
587 397 650 445 qui
675 408 741 445 spe
766 396 1008 444 cupiditatem
1031 396 1110 432 eius
1135 396 1326 432 elicerent:
1357 395 1454 432 Eam
1487 398 1508 432 5

60 468 273 517 opinionem
312 467 358 503 de
401 467 534 504 Attalo
577 474 614 503 et
655 467 826 503 Eumene
863 466 996 502 Romae
1035 477 1136 501 esse.
1175 472 1368 513 tamquam
1411 465 1457 501 de

59 539 178 576 altero
210 537 393 574 Romanis
423 543 524 573 certo
562 536 704 579 amico,
741 535 861 571 altero
902 547 971 571 nee
1010 535 1193 572 Romanis
1229 547 1297 571 nec
1326 534 1456 572 Persei

59 608 134 644 fido
163 607 280 645 socio.
344 607 480 655 Itaque
508 607 574 643 vix
603 605 717 642 statui
756 617 888 653 posse,
918 612 1056 649 utrum,
1087 617 1169 652 quae
1199 617 1268 653 pro
1299 616 1359 648 se„
1396 616 1456 643 an,

61 690 144 726 quae
164 685 296 714 contra
315 676 469 713 fratrem
494 677 677 725 petiturus
705 682 814 719 esset,
846 675 893 711 ab
924 681 1056 711 senatu
1077 674 1198 723 magis
1219 674 1458 722 inpetrabilia

59 747 201 787 forent:
245 747 341 783 adeo
386 747 582 783 universos
627 746 754 783 omnia
798 752 835 781 et
874 745 961 781 huic
997 745 1161 780 tribuere
1201 751 1237 781 et
1275 744 1328 780 illi
1367 755 1458 779 vero

59 829 211 866 negare.
270 817 414 853 Eorum
445 817 658 860 hominum,
702 822 741 852 ut
772 828 831 851 res
865 815 1014 859 docuit,
1058 816 1213 852 Attalus
1243 822 1344 856 erat,
1384 813 1459 861 qui,

62 893 242 934 quantum
275 899 362 935 spes
393 886 679 935 spopondisset,
720 893 919 934 cuperent,
948 885 986 920 ni
1016 885 1125 921 unius
1156 885 1266 921 amici
1295 884 1459 933 prudens

61 957 217 993 monitio
260 957 378 993 veluti
421 955 548 992 frenos
592 956 718 992 animo
750 957 847 1000 eius,
900 955 1074 1004 gestienti
1118 955 1291 991 secundis
1335 954 1460 997 rebus,

60 1025 298 1074 inposuisset.
371 1025 535 1062 Stratius
558 1038 641 1062 cum
671 1039 715 1062 eo
745 1025 816 1062 fuit
845 1026 1024 1069 medicus,
1053 1026 1101 1061 ad
1130 1025 1168 1061 id
1189 1025 1311 1072 ipsum
1343 1036 1366 1059 a
1386 1035 1459 1059 non

62 1107 196 1132 securo
219 1097 388 1132 Eumene
408 1096 571 1132 Romam
593 1096 742 1140 missus,
772 1095 988 1144 speculator
1007 1107 1146 1139 rerum,
1179 1106 1262 1142 quae
1292 1106 1315 1130 a
1343 1093 1460 1130 fratre

62 1174 283 1214 agerentur,
330 1165 570 1213 monitorque
605 1166 723 1209 fidus,
766 1166 798 1202 si
838 1165 968 1202 decedi
1004 1165 1077 1201 fide
1115 1165 1282 1201 vidisset.
1342 1164 1382 1200 Is
1413 1163 1460 1199 ad

62 1242 268 1284 occupatas
296 1236 373 1271 iarn
404 1247 516 1271 aures
547 1235 864 1284 sollicitatumque
893 1236 969 1272 iam
992 1236 1157 1272 animum
1179 1247 1261 1271 cum
1283 1235 1459 1277 venisset,

62 1305 264 1353 adgressus
304 1305 536 1353 tempestivis
575 1307 812 1343 sermonibus
847 1318 926 1341 rem
957 1318 1076 1354 prope
1105 1305 1325 1354 prolapsam
1355 1304 1462 1340 resti-

63 1375 154 1419 tuit,
194 1375 277 1412 aliis
308 1375 384 1411 alia
414 1386 533 1422 regna
570 1376 732 1412 crevisse
763 1375 888 1419 rebus,
919 1375 1097 1415 dicendo:
1139 1386 1297 1422 regnum
1333 1385 1462 1409 eorum

63 1457 218 1488 novum,
247 1445 358 1481 nullis
386 1446 544 1482 vetustis
577 1446 775 1482 fundatum
798 1445 946 1494 opibus,
976 1446 1145 1481 fraterna
1175 1451 1277 1481 stare
1307 1455 1462 1480 concor—

62 1515 144 1555 dia,
190 1515 292 1562 quod
323 1528 418 1552 unus
457 1529 594 1553 nomen
633 1517 776 1564 regium
817 1523 853 1552 et
889 1516 1119 1564 praecipuum
1152 1514 1286 1563 capitis
1316 1513 1461 1561 insigne

60 1590 180 1632 gerat,
211 1597 342 1621 omnes
371 1585 508 1622 fratres
535 1594 704 1634 regnent.
767 1582 940 1623 Attalum
971 1598 1076 1626 ver0,
1110 1585 1173 1632 qui
1205 1590 1317 1620 aetate
1345 1596 1461 1631 prox-

60 1654 156 1689 imus
187 1654 258 1698 sit,
311 1655 394 1703 quis
423 1668 500 1692 non
528 1669 599 1706 pro
638 1669 728 1705 rege
767 1655 934 1693 habeat?
978 1668 1100 1704 neque
1131 1667 1175 1691 eo
1207 1654 1342 1699 solum,
1374 1654 1463 1702 quia

59 1728 186 1759 tantas
216 1732 421 1772 praesentes
448 1726 527 1762 eius
559 1738 652 1775 opes
682 1732 831 1771 cernat,
865 1726 931 1763 sed
963 1726 1066 1774 quod
1095 1710 1199 1762 haud
1229 1724 1462 1773 ambiguum,

59 1794 280 1842 propediem
309 1801 554 1844 regnaturum
586 1809 694 1841 eum,
730 1797 947 1833 infirmitate
977 1802 1163 1843 aetateque
1193 1796 1375 1832 Eumenis
1403 1795 1462 1837 sit‚

59 1863 201 1900 nullam
243 1865 397 1913 stirpem
443 1866 602 1902 liberum
649 1867 824 1904 habentis
879 1867 1052 1914 (necdum
1105 1866 1203 1902 enim
1252 1872 1463 1914 agnoverat

59 1946 165 1976 eum,
210 1935 274 1982 qui
316 1942 451 1983 postea
493 1935 700 1986 regnavit).
759 1937 858 1983 Quid
896 1937 1065 1972 adtinere
1107 1936 1181 1972 vim
1224 1935 1372 1971 adferre
1408 1935 1463 1971 rei

59 2123 92 2161 4,
119 2128 137 2155 3
165 2125 236 2156 eius
270 2124 431 2157 Creverius
502 2125 534 2163 5,
557 2130 575 2156 2
605 2133 691 2157 esset
718 2134 888 2166 tamquam
916 2133 1087 2167 tamquam
1116 2125 1174 2165 (H.
1203 2114 1392 2167 temquam)
1443 2130 1462 2157 3

63 2182 158 2224 (ἕν-μη.
185 2182 278 2214 Persi
327 2183 358 2222 6,
388 2187 401 2214 1
429 2190 541 2225 posset
567 2190 743 2225 utrumque
767 2194 826 2225 pro
882 2188 900 2215 3
928 2184 1091 2215 tribueret
1116 2183 1172 2214 ille
1240 2184 1271 2222 7,
1303 2189 1316 2215 1
1346 2188 1382 2214 ut
1405 2194 1464 2215 rex

60 2242 79 2270 2
107 2240 175 2281 spei
201 2241 435 2281 spopondisset
468 2240 474 2281 Ι
507 2251 548 2272 ne
573 2243 670 2273 unius
731 2246 750 2273 3
776 2243 915 2273 munitio
943 2243 948 2281 Ι
976 2251 1073 2272 renos
1099 2242 1217 2273 animis
1251 2244 1255 2282 Ι
1289 2241 1367 2273 Post
1392 2242 1462 2272 eius

58 2309 192 2350 spatium
218 2315 262 2340 est
285 2309 309 2340 3
333 2316 389 2341 aut
413 2310 434 2340 4
459 2309 640 2342 litterarum.
719 2310 751 2348 8,
780 2315 797 2341 2
825 2320 1039 2342 securomene
1066 2311 1185 2342 missus
1253 2315 1272 2342 3
1299 2312 1463 2342 monitus-

60 2375 123 2407 que
155 2367 162 2407 1
196 2367 328 2398 decedit
390 2367 422 2405 9,
449 2372 468 2398 3
495 2369 704 2409 tempestiuis
736 2369 941 2409 temporibus
984 2367 1080 2400 Gran.
1119 2370 1124 2408 Ι
1161 2369 1354 2410 prolapsam
1392 2379 1463 2400 rec-

59 2424 136 2455 tiuit
161 2424 224 2455 alis
249 2425 317 2456 alia
377 2425 432 2463 10,
466 2429 479 2456 1
514 2436 627 2457 eorum
660 2427 790 2457 nullum
814 2436 940 2457 nouum
966 2426 1077 2457 nullus
1101 2428 1242 2458 uetustis
1296 2430 1314 2458 3
1344 2427 1462 2467 capitis

61 2498 93 2523 et
127 2493 224 2533 signe
311 2493 373 2533 11,
412 2498 426 2525 1
461 2481 538 2536 quia
569 2483 684 2526 aetatei-
710 2496 880 2536 proximus
910 2496 937 2526 si
963 2496 1036 2535 quis
1064 2495 1135 2537 Ally.
1163 2496 1252 2537 (qui)
1277 2502 1305 2526 ec
1329 2494 1460 2537 Kreyss.

61 2549 180 2591 (Gr-yn.
211 2551 291 2591 quia
315 2556 412 2583 aetate
439 2552 632 2593 proximus,
667 2553 757 2594 quis)
807 2556 825 2584 3
854 2552 942 2584 Num
969 2555 1130 2585 cernant?
1178 2559 1199 2584 4
1235 2553 1463 2584 infirmitatem

60 2611 257 2649 aetatemque
286 2608 292 2647 1
322 2618 478 2641 eumenes
504 2619 576 2641 esse
603 2609 673 2651 My.
701 2609 819 2652 (Gt-yn.
843 2611 1004 2642 Eumenis
1030 2611 1130 2651 esset)
1180 2611 1234 2650 12,
1257 2615 1270 2642 l
1300 2611 1463 2642 adtineret

65 2664 160 2696 Grou.

1498 1377 1542 1410 10

1496 1587 1536 1621 11

1497 1937 1543 1972 12
