1753 2934
298 140 346 174 36
863 137 1036 169 ,Periochae

243 268 400 299 intulerat
425 268 475 298 vir
496 268 642 308 optimus
663 277 683 298 a
699 273 817 298 senatu
843 269 1019 300 iudicatus.
1041 270 1216 300 dedicavit.
1243 270 1397 311 idemque
1412 271 1515 302 Boios
1531 269 1648 303 Gallos

241 330 347 360 victos
385 330 418 359 in
456 329 660 360 deditionem
688 329 820 369 accepit
855 335 888 360 et
921 331 961 360 de
986 331 1024 361 iis
1050 330 1272 370 triumphavit.
1319 330 1487 362 Praeterea
1512 332 1648 363 navalia

243 391 427 421 certamina
455 399 616 432 prospera
643 390 802 421 adversus
828 389 1003 430 praefcetos
1034 391 1191 423 Antiochi
1220 393 1308 432 regis
1333 392 1530 425 reseruntur.

746 497 808 527 EX
836 497 923 528 LIB.
951 498 1134 530 XXXVII.

331 575 369 606 L.
398 573 574 606 Cornelius
600 573 722 614 -Scipio
767 584 834 605 cos.
879 575 992 615 legato
1025 575 1181 615 Scipione
1216 573 1378 606 Africano
1421 575 1518 606 fratre
1571 575 1644 616 (qui

235 647 269 668 se
295 637 442 675 legatum
469 635 580 666 fratris
607 634 752 665 futurum
781 637 918 667 dixerat.
945 637 970 667 si
994 637 1022 666 ei
1045 636 1176 667 Graecia
1200 636 1373 677 provincia
1401 637 1644 675 decerneretur,

236 707 336 738 quum
374 696 409 727 C.
437 695 559 728 Laelio.
602 697 656 736 qui
697 697 838 728 multum
874 699 907 728 in
945 704 1062 729 senatu
1096 703 1243 739 poterat,
1291 707 1330 728 ea
1367 698 1539 738 provincia
1573 698 1644 727 dari

234 757 419 795 videretur)
449 757 619 797 profectus
655 759 694 788 ad
733 759 857 789 bellum
889 760 1047 791 adversus
1078 759 1281 790 Antiochum
1310 768 1421 798 regem
1453 759 1646 799 gerendum,

234 819 361 860 primus
399 819 547 849 omnium
585 819 812 851 Romanorum
849 822 968 852 dueum
1007 823 1040 852 in
1079 822 1196 853 Asiam
1231 821 1370 852 traiecit.
1424 820 1465 851 L.
1492 821 1644 860 Regillus

239 881 396 910 adversus
432 880 558 919 regiam
596 882 736 912 classem
772 883 932 913 Antiochi
971 883 1111 914 feliciter
1147 883 1308 922 pugnavit
1343 883 1384 912 ad
1418 881 1643 922 Myonnesum

234 941 377 973 Rhodiis
406 943 606 974 iuvantibus.
658 942 763 973 Filius
791 943 944 975 Africani
974 951 1092 986 captus
1119 945 1159 974 nh
1180 944 1348 975 Antiocho
1374 943 1458 983 patri
1485 944 1644 974 remissus

234 1009 294 1034 est.
345 1003 448 1034 Victo
475 1001 596 1034 deinde
617 1005 785 1035 Antiocho
811 1007 852 1035 ah
872 1006 908 1037 L.
929 1005 1088 1037 Cornelio
1103 1006 1262 1047 Scipione
1288 1006 1465 1036 adiuvante
1480 1005 1643 1041 Eumene,

234 1075 314 1105 rege
341 1066 516 1104 Pergami.
561 1066 667 1095 Attali
694 1066 782 1098 filio.
818 1078 884 1108 pax
909 1069 986 1098 dntn
1021 1075 1070 1098 cst
1103 1078 1141 1098 ea
1173 1068 1386 1098 condicione.
1425 1073 1460 1097 ut
1487 1067 1643 1098 omuibus

234 1127 412 1168 provinciis
447 1127 527 1156 citra
565 1127 710 1158 Taurum
745 1135 890 1160 montem
929 1131 1071 1160 cederet.
1135 1130 1171 1160 L.
1206 1128 1383 1160 Cornelius
1415 1127 1547 1168 Scipio.
1585 1129 1641 1168 qui

232 1198 306 1219 cum
346 1188 519 1219 Antiocho
559 1189 803 1221 debellaverat.
856 1192 1054 1229 cognomino
1098 1191 1190 1222 fratri
1233 1196 1427 1230 exaequatus
1472 1190 1640 1221 Asiaticus

232 1248 432 1289 appellatus.
483 1249 654 1284 Eumenis.
692 1261 758 1290 quo
785 1252 916 1283 iuvante
942 1253 1134 1284 Antiochus
1159 1253 1266 1283 victus
1292 1257 1373 1282 erat.
1408 1262 1547 1291 regnum
1571 1262 1641 1282 um-

230 1310 384 1350 pliatum.
433 1310 575 1342 Rhodiis
601 1322 744 1352 quoque,
783 1314 837 1353 qui
866 1319 898 1344 et
925 1314 987 1354 ipsi
1016 1315 1175 1345 iux-crant.
1207 1315 1358 1354 quaetlam
1386 1313 1535 1344 civitates
1561 1323 1641 1344 con-

231 1381 344 1418 cessae.
367 1405 372 1414 .
403 1371 548 1403 Colonia
575 1374 719 1404 deducta
742 1379 791 1404 cst
809 1374 974 1405 Bononio.
1021 1375 1177 1407 AEmiiius
1194 1376 1358 1415 Regillus,
1385 1375 1440 1415 qui
1464 1373 1640 1415 praesectos

230 1434 394 1464 Antiochi
415 1434 527 1464 navali
548 1435 666 1475 proelio
682 1436 862 1474 devicerat,
889 1437 1044 1468 navalem
1066 1438 1269 1478 triumphum
1286 1438 1392 1468 duxit.
1436 1435 1491 1466 M’.
1508 1435 1639 1466 Acilius

233 1495 372 1526 Glabrio
401 1496 440 1526 dc
460 1496 644 1530 Antiocho,
673 1507 772 1536 quem
798 1498 926 1528 Graecia
953 1499 1137 1539 expulerat,
1162 1505 1193 1529 et
1214 1500 1253 1529 ‹le
1269 1498 1394 1529 AEtolis
1414 1496 1642 1538 triumphavit.

733 1604 795 1635 EX
824 1605 909 1636 LIB.
938 1606 1138 1638 XXXVIII.

326 1679 372 1712 M.
400 1681 539 1711 Fulvius
575 1691 643 1712 cos.
683 1682 716 1712 in
747 1681 850 1722 Epiro
876 1683 1136 1714 Ambracienses
1172 1683 1330 1714 obsessos
1365 1682 1397 1712 in
1433 1681 1638 1711 deditionem

228 1744 376 1783 acecpit,
412 1741 664 1783 Cephalleniam
701 1744 851 1784 subegit,
893 1744 1019 1775 AEtolis
1052 1745 1247 1785 perdomitis
1285 1753 1399 1784 pacem
1428 1743 1526 1773 dedit.
1576 1739 1638 1771 Cn.

227 1804 376 1834 Manlius
409 1814 489 1839 cosa,
523 1804 654 1843 collega
688 1805 771 1835 eius.
800 1804 1040 1845 Gallograecos.
1079 1806 1343 1845 Tolostobogios
1371 1811 1400 1835 ct
1428 1803 1638 1842 Tectosagos

227 1871 260 1896 et
287 1866 468 1897 Trocmos.
506 1867 562 1904 qui
589 1866 725 1897 Brenno
758 1868 842 1897 (luce
876 1869 907 1897 in
936 1869 1057 1898 Asiam
1085 1868 1304 1903 transierant,
1340 1876 1439 1907 quum
1467 1866 1527 1897 soli
1555 1865 1637 1895 citra

228 1927 374 1958 Taurum
413 1933 562 1957 montem
596 1937 661 1958 non
693 1935 857 1969 parerent.
899 1929 985 1960 vicit.
1036 1929 1162 1960 Eorum
1199 1929 1293 1968 origo
1330 1935 1363 1958 ct
1397 1927 1567 1967 quomodo
1599 1936 1638 1956 ea

224 1988 309 2020 loca.
343 1997 415 2027 quae
442 1994 566 2019 tenent.
595 1991 842 2029 occupaverint,
869 1990 1068 2021 reseruntur.
1121 1991 1322 2031 Exemplum
1350 1999 1482 2031 quoque
1507 1989 1636 2020 virtutis

223 2055 256 2080 et
281 2050 451 2090 pudicitioe
478 2050 510 2079 in
539 2049 665 2080 femina
692 2051 850 2089 traditur,
889 2062 962 2091 qum
991 2062 1092 2092 quum
1120 2053 1207 2091 regis
1234 2052 1522 2091 Gallograeeorum
1549 2061 1636 2080 uxor

222 2110 348 2142 suisset.
386 2118 483 2151 capta
517 2111 763 2150 centurionem,
799 2115 854 2153 qui
881 2115 908 2145 ei
936 2115 1001 2145 vim
1030 2114 1208 2153 intulerat,
1243 2113 1375 2144 occidit.
1428 2113 1587 2144 Lustrum
1615 2122 1635 2142 a

223 2173 418 2203 censoribus
451 2174 621 2204 eonditum
656 2180 721 2211 cst3
759 2185 859 2205 censa
890 2181 967 2206 sunt
999 2176 1118 2206 civium
1153 2176 1265 2216 capita
1291 2163 1629 2206 CCLVDTCCCX.

223 2232 307 2265 Cum
338 2234 517 2265 Ariarathe
546 2235 768 2276 Cappadociae
808 2247 885 2276 rege
923 2239 1071 2269 amicitia
1108 2239 1223 2268 iuncta
1257 2244 1316 2267 est.
1377 2236 1438 2268 Cn.
1468 2236 1627 2268 Manlius.

221 2296 529 2327 contradicentibus
557 2297 589 2327 X
615 2297 755 2335 legatis,
789 2308 831 2328 ex
864 2309 1005 2339 quorum
1040 2301 1180 2331 consilio
1217 2299 1323 2331 soedus
1358 2309 1432 2329 cnm
1459 2299 1630 2330 Antiocho

220 2357 474 2396 conscripserat,
501 2359 541 2388 tle
553 2357 784 2395 Gallograecis.
811 2366 885 2390 acta
910 2371 970 2400 pro
997 2370 1030 2391 se
1054 2371 1157 2392 causa
1183 2362 1215 2392 in
1243 2368 1374 2392 senatu.
1402 2360 1630 2402 triumphavit.

220 2417 334 2459 Scipio
362 2417 554 2452 Africanus,
581 2421 632 2450 ‹lie
661 2420 688 2449 ei
718 2421 818 2452 dicta.
845 2427 880 2451 ut
906 2422 1042 2461 quidam
1073 2423 1217 2459 tradunt,
1244 2432 1263 2452 a
1291 2421 1330 2460 Q.
1352 2415 1482 2453 Petilio
1511 2427 1548 2452 tr.
1570 2421 1626 2462 pli,

217 2484 253 2510 ut
278 2480 426 2520 quidam.
454 2480 612 2519 aNaevio,
641 2482 730 2520 quod
752 2483 863 2522 praeda
883 2493 925 2513 cx
939 2483 1111 2514 Antiocho
1135 2490 1232 2524 capta
1249 2484 1400 2514 :erarium
1427 2482 1626 2514 fraudasset.

217 2545 437 2581 posteaquam
460 2541 487 2572 is
506 2542 576 2572 (lies
587 2543 687 2579 venit.
715 2549 871 2574 evocatus
892 2544 924 2574 in
946 2550 1062 2576 rostra.
1092 2545 1186 2584 „Hac
1205 2545 1278 2576 die”
1306 2546 1422 2586 inquit,
1447 2544 1625 2585 „Quirites

218 2600 456 2641 Carthaginem
485 2603 582 2634 vici‘'.
626 2610 658 2634 et
683 2611 905 2645 prosequente
943 2606 1068 2646 populo
1096 2606 1298 2647 Capitolium
1326 2607 1482 2638 escendit.
1532 2606 1625 2642 Inde,

216 2673 258 2694 ne
274 2664 416 2704 amplius
435 2664 623 2696 tribuniciis
639 2666 766 2697 iniuriis
789 2673 977 2699 vexaretur.
998 2669 1028 2698 in
1045 2668 1274 2699 voluntarium
1291 2668 1444 2700 exsilium
1463 2667 1621 2699 Liternum
