1753 2934
227 145 245 177 7
255 145 275 177 ὅ
780 139 951 170 Periochae

172 271 357 312 Cleopatrae
382 270 469 301 salso
496 278 626 299 rumore
651 269 815 309 impulsus
841 279 875 300 se
901 269 970 310 ipse
996 268 1173 299 interfecit.
1217 268 1338 306 Caesar,
1367 269 1577 300 Alexandria

168 333 202 364 in
229 338 430 374 potestatem
459 332 605 363 redacta.
635 329 826 371 Cleopatra,
865 340 905 360 ne
932 330 964 359 in
991 330 1164 360 arbitrium
1192 330 1326 361 victoris
1353 331 1489 368 veniret,
1516 341 1576 361 vo-

168 393 312 424 luntaria
340 399 444 423 morte
472 391 639 430 defuncta,
668 393 700 423 in
727 392 843 422 urbem
871 400 1025 422 reversus
1052 398 1118 422 tres
1144 391 1330 432 triumphos
1357 392 1435 430 egit,
1471 401 1574 422 unum

168 465 211 486 ex
236 454 383 495 Illyrico,
411 454 553 485 alterum
581 464 621 484 ex
638 455 782 485 Actiaca
807 453 958 489 victoria,
986 454 1117 484 tertium
1144 454 1184 483 de
1203 453 1392 492 Cleopatra,
1420 453 1577 493 imposito

167 516 231 547 fine
258 517 411 547 civilibus
437 515 534 546 bellis
562 515 669 546 altero
699 521 730 545 et
756 515 917 545 vicesimo
943 524 1041 545 anno.
1092 515 1138 546 M.
1166 514 1324 555 Lepidus,
1353 514 1483 555 Lepidi,
1519 515 1576 556 qui

168 577 320 608 triumvir
356 576 479 615 fuerat,
520 577 625 613 filius,
666 577 897 606 coniuratione
923 576 1080 606 adversus
1114 574 1280 606 Caesarem
1319 574 1410 606 facta
1447 576 1574 608 bellum

166 640 309 670 moliens
337 648 518 680 oppressus
545 644 576 669 et
603 638 738 669 occisus
765 643 825 668 est.

669 744 732 775 EX
758 744 845 774 LIB.
872 741 1069 774 CXXXIV.

261 819 299 852 C.
326 820 442 853 Caesar
464 823 563 853 rebus
589 821 784 861 compositis
804 826 837 849 ct
859 819 1014 850 omnibus
1031 818 1213 859 provinciis
1238 819 1270 849 in
1289 825 1411 851 certam
1431 820 1574 852 formam

167 884 310 915 redactis
337 897 352 912 ff
373 898 387 912 s
427 885 604 923 Augustus
630 891 763 923 quoque
791 881 1049 919 cognominatus
1076 887 1138 919 est,
1165 886 1197 911 et
1224 881 1346 911 mensis
1375 881 1512 913 Sextilis
1540 883 1576 913 in

166 945 329 976 honorem
357 946 428 977 eius
454 945 643 986 appellatus
672 951 730 974 est.
785 942 893 980 Quum
924 943 979 972 ille
1006 959 1021 973 ,ι
1042 959 1057 973 ‚r
1089 948 1290 973 conventum
1310 942 1468 974 Narbone
1494 944 1573 984 egit.

168 1004 301 1037 Census
335 1018 354 1038 a
388 1008 493 1038 tribus
522 1006 659 1046 Galliis,
703 1015 785 1045 quas
811 1003 926 1035 Caesar
961 1010 1055 1044 puter
1089 1004 1234 1043 vicerat,
1276 1011 1383 1035 actus.
1441 1005 1576 1036 Bellum

167 1069 325 1100 adversus
364 1069 549 1100 Basternas
589 1073 621 1098 et
657 1066 785 1097 Moesos
827 1072 858 1096 et
896 1066 979 1096 alias
1025 1072 1142 1105 gentes
1177 1076 1196 1096 a
1228 1065 1274 1096 M.
1305 1065 1424 1097 Crasso
1459 1072 1575 1108 yestum

166 1129 318 1161 refertur.

677 1233 742 1264 EX
770 1233 855 1264 LIB.
886 1232 1062 1263 CXXXV.

258 1313 393 1344 Beuum
421 1324 440 1345 a
465 1313 512 1344 M.
542 1312 667 1350 Crasso
693 1311 849 1341 adversus
878 1310 1028 1340 Thracas
1067 1315 1100 1339 et
1126 1319 1145 1340 a
1174 1309 1304 1340 Caesare
1332 1311 1490 1343 adversus
1515 1313 1575 1344 Hi-

165 1385 290 1416 spanos
317 1382 448 1415 gestum
477 1374 628 1411 refertur,
660 1380 692 1404 et
719 1372 857 1409 Salassi,
894 1381 977 1411 gons
1003 1371 1143 1412 AIpina,
1171 1372 1360 1412 perdomiti.

649 1480 713 1511 EX
740 1479 830 1511 LIB.
857 1478 1090 1511 CXXXVIII.

258 1560 343 1591 Raeti
362 1570 381 1590 a
400 1559 535 1590 Tiberio
549 1557 682 1589 Nerone
699 1562 731 1586 et
748 1557 870 1589 Druso,
894 1555 1035 1586 Caesaris
1051 1556 1221 1596 privignis,
1241 1556 1370 1588 domiti.
1422 1558 1576 1600 Agrippa

165 1621 310 1654 Caesaris
336 1631 440 1661 gener
466 1625 626 1651 mortuus
679 1619 711 1649 A
739 1618 852 1648 Druso
880 1627 999 1648 census
1026 1624 1119 1649 actus
1146 1624 1206 1650 est.

670 1724 732 1756 EX
759 1723 847 1754 LIB.
878 1723 1073 1756 CXXXIX.

258 1802 423 1835 Civitates
451 1802 642 1835 Germaniae
675 1801 722 1832 cis
748 1801 901 1830 Rhenum
936 1808 969 1831 et
1000 1808 1091 1832 trans
1117 1801 1270 1832 Rhenum
1299 1801 1418 1842 positae
1444 1811 1573 1843 oppug-

164 1870 288 1896 nantur
313 1876 332 1895 a
357 1865 490 1902 Druso,
523 1871 555 1895 et
583 1863 763 1897 tumultus,
804 1863 859 1901 qui
888 1862 931 1893 ob
959 1873 1095 1893 censum
1124 1870 1260 1894 exortus
1293 1864 1325 1894 in
1353 1863 1464 1895 Gallia
1490 1870 1572 1902 erat,

165 1927 387 1967 componitur.
439 1928 511 1958 Ara
536 1925 661 1956 Caesari
697 1925 737 1954 ad
766 1924 987 1954 confluentem
1016 1925 1134 1955 Araris
1167 1930 1199 1955 et
1224 1925 1381 1955 Rhodani
1407 1925 1574 1964 dedicata,

165 1989 339 2019 sacerdote
366 1997 479 2019 creato
507 1987 545 2019 C.
573 1988 660 2018 Iulio
688 1986 1013 2017 Vercondaridubno
1040 1986 1166 2017 AEduo.

709 2093 772 2123 EX
799 2093 884 2125 LIB.
914 2092 1017 2125 CXL.

255 2170 406 2201 Thraces
439 2171 555 2201 domiti
589 2180 608 2200 a
646 2169 683 2200 L.
712 2169 857 2207 Pisone,
897 2171 975 2200 item
1007 2170 1186 2208 Cherusci,
1229 2170 1402 2209 Tencteri,
1443 2171 1571 2204 Chauci

162 2232 302 2272 aliaeque
322 2231 565 2263 Germanorum
594 2237 686 2261 trans
703 2231 857 2262 Rhenum
886 2238 1002 2271 gentes
1030 2232 1177 2262 subactae
1204 2242 1222 2262 a
1239 2232 1350 2263 Druso
1374 2232 1570 2266 referuntur.

163 2292 304 2324 Octavia
341 2304 434 2324 soror
468 2293 614 2332 Augusti
654 2292 831 2329 defuncta,
875 2300 952 2323 ante
991 2295 1114 2324 amisso
1151 2293 1219 2324 filio
1255 2294 1435 2332 Marcello,
1477 2296 1571 2327 cuius

162 2362 382 2386 monumenta
407 2361 484 2386 sunt
510 2355 677 2385 theatrum
706 2360 739 2384 et
759 2354 907 2394 porticus
933 2355 1060 2385 nomini
1087 2356 1157 2386 eius
1183 2355 1305 2386 dicata.

704 2461 765 2491 EX
793 2461 879 2492 LIB.
909 2460 1030 2493 CXLI.

257 2536 388 2566 Bellum
416 2537 575 2567 adversus
605 2537 905 2568 Thrnnsrhenanus
931 2544 1050 2577 gentes
1078 2549 1097 2568 a
1113 2538 1225 2569 Druso
1253 2544 1384 2577 gestum
1412 2537 1568 2577 rese1·tur;

162 2597 196 2628 in
216 2607 281 2638 quo
304 2599 389 2628 inter
410 2598 570 2637 primores
588 2601 846 2638 pugnsiverunt†
872 2597 909 2630 C.
929 2599 1163 2630 Humstinetus
1180 2604 1212 2629 et
1229 2601 1270 2630 A.
1288 2599 1429 2630 Vectius
1445 2599 1570 2630 tribuni

162 2668 204 2689 ex
237 2660 371 2689 civitate
398 2658 607 2690 Nerviorum.
662 2660 837 2691 Dalmatas
871 2666 904 2691 et
937 2660 1134 2691 Pannonios
1164 2660 1270 2697 Nero,
1316 2660 1421 2692 frater
1454 2660 1569 2698 Drusi,
