1753 2934
281 124 324 158 16
833 124 1006 156 Periochae

219 251 388 283 luxerunt.
438 252 476 282 P.
496 252 653 283 Valerius
676 255 792 284 consul
820 255 927 296 legem
954 256 994 287 de
1019 257 1259 297 provocatione
1284 259 1325 289 ad
1351 260 1510 301 populum
1537 261 1622 301 tulit.

221 311 424 354 Capitolium
453 315 640 345 dedicatum
668 322 727 345 cst.
785 315 968 353 Porsenna,
998 316 1210 349 Clusinorum
1236 328 1306 356 rex,
1340 320 1428 351 bello
1454 331 1513 362 pro
1541 322 1624 353 Tar-

219 374 341 413 quiniis
377 381 532 416 suscepto
566 385 667 415 quum
700 378 740 407 ad
774 376 964 409 Ianiculum
995 379 1159 420 venisset,
1201 390 1242 411 ne
1274 381 1424 413 Tiberim
1459 384 1623 421 transiret,

218 436 340 466 virtute
369 435 507 467 Coclitis
536 436 664 467 Horatii
691 439 877 478 prohibitus
905 445 965 477 est,
993 440 1059 480 qui.
1087 441 1164 471 dum
1195 442 1250 472 alii
1275 448 1408 483 pontem
1436 443 1623 476 Sublicium

217 497 422 531 rescindunt,
449 498 540 529 solus
564 499 723 530 Etruscos
750 501 908 531 sustinuit
932 508 974 537 et,
1001 509 1101 542 ponte
1127 511 1235 544 rupto,
1262 512 1411 536 armatus
1442 506 1474 536 in
1499 506 1625 538 flumen

217 567 250 589 se
278 558 369 589 misit
403 568 434 590 et
463 561 504 590 ad
543 570 620 591 snos
653 563 848 592 transnavit.
906 563 1065 593 Accessit
1099 564 1238 596 alterum
1275 567 1404 597 virtutis
1433 567 1622 609 exemplum

216 630 235 650 a
260 620 392 658 Mucio,
427 622 482 662 qui
510 631 610 661 quum
638 623 678 652 ad
706 622 891 654 feriendum
917 623 1123 655 Porsennam
1151 633 1260 656 castra
1286 626 1428 658 hostium
1456 629 1623 666 intrasset,

216 682 329 712 occiso
356 682 477 715 scriba.
508 694 605 724 quem
634 694 746 724 regem
770 694 842 716 esse
865 686 1123 724 existimaverat,
1151 689 1407 727 comprehensus
1434 690 1623 730 impositam

216 753 350 775 manum
378 745 552 782 altaribus,
580 748 612 776 in
640 747 760 786 quibus
786 747 1009 778 sacrificatum
1035 755 1117 787 erat,
1145 749 1238 779 exuri
1258 759 1376 789 passus
1402 756 1451 781 est
1474 751 1624 792 dixitque

215 806 301 837 tales
340 812 509 837 trecentos
548 816 632 838 csse.
706 806 855 845 Quorum
894 809 1115 839 admiratione
1156 818 1292 842 coactus
1316 811 1491 843 Porsenna
1529 812 1624 853 pacis

216 868 432 899 condiciones
460 867 555 905 serre,
590 868 714 899 bellum
746 871 857 901 omisit
891 871 1037 911 acceptis
1074 871 1256 902 obsidibus.
1304 871 1358 903 Ex
1387 874 1505 914 quibus
1529 874 1624 914 virgo

215 940 281 960 una
316 928 438 960 Cloelia
479 929 627 970 deceptis
670 932 864 962 custodibus
898 942 957 973 per
992 933 1139 964 Tiberim
1176 934 1217 963 ad
1249 944 1326 965 suos
1361 935 1548 966 transnavit
1580 940 1623 972 et,

215 1002 317 1032 quum
352 992 482 1022 reddita
516 1000 620 1030 esset,
664 1004 681 1023 a
716 994 889 1024 Porsenna
924 994 1106 1024 honorifice
1139 995 1292 1035 remissa,
1335 996 1479 1037 equestri
1513 1001 1625 1028 statua

215 1053 341 1084 donata
368 1060 428 1084 cst.
480 1054 652 1085 Adversus
683 1055 902 1095 Tarquinium
930 1055 1117 1095 Superbum
1148 1066 1221 1087 cum
1249 1057 1444 1088 Latinorum
1474 1058 1624 1089 exercitu

214 1113 338 1144 bellum
383 1113 584 1145 inferentem
623 1118 662 1146 A.
689 1116 882 1147 Postumius
918 1117 1062 1147 dictator
1102 1127 1261 1158 prospere
1301 1119 1471 1159 pugnavit.
1530 1119 1622 1160 App.

217 1175 380 1207 Claudius
407 1186 448 1206 ex
467 1176 601 1207 Sabinis
619 1178 761 1208 Romam
790 1178 978 1218 transfugit.
1031 1178 1082 1209 Ob
1109 1179 1172 1210 hoc
1197 1177 1339 1210 Claudia
1363 1181 1467 1211 tribus
1493 1180 1624 1211 adiecta

214 1245 246 1268 ct
272 1247 430 1268 numerus
458 1239 605 1269 tribuum
632 1240 811 1280 ampliatus
839 1246 897 1276 est,
925 1245 960 1270 ut
986 1246 1098 1271 essent
1123 1240 1239 1280 viginti
1265 1250 1343 1271 una.
1392 1240 1495 1272 Plebs
1521 1251 1622 1282 quum

213 1305 350 1339 propter
376 1310 481 1331 nexos
507 1301 549 1331 ob
584 1310 628 1331 aes
655 1301 800 1332 alienum
828 1302 860 1332 in
888 1301 1026 1333 Sacrum
1054 1306 1200 1332 montem
1235 1304 1446 1340 secessisset,
1481 1303 1623 1335 consilio

214 1361 362 1392 Menenii
403 1363 563 1403 Agrippae
603 1373 621 1393 a
660 1363 826 1394 seditione
872 1368 1029 1394 revocata
1071 1369 1129 1394 est.
1189 1363 1283 1394 Idem
1324 1365 1477 1406 Agrippa
1520 1374 1622 1405 quum

213 1424 426 1460 decessisset,
466 1429 601 1465 propter
625 1431 854 1466 paupertatem
883 1425 1018 1467 publico
1043 1425 1213 1466 impendio
1240 1426 1347 1458 elatus
1373 1432 1430 1457 est.
1480 1426 1622 1457 Tribuni

211 1485 320 1525 plebis
355 1485 503 1525 quinque
538 1487 639 1517 creati
674 1492 760 1518 sunt.
822 1486 990 1527 Oppidum
1017 1487 1220 1518 Volscorum
1251 1488 1375 1519 Corioli
1409 1494 1541 1529 captum
1575 1494 1625 1518 est

212 1547 333 1577 virtute
367 1553 398 1577 et
433 1557 535 1588 opera
561 1547 622 1579 Cn.
649 1549 787 1583 Marcii,
826 1549 881 1589 qui
916 1549 959 1579 ob
987 1548 1051 1579 hoc
1080 1548 1280 1580 Coriolanus
1306 1555 1444 1580 vocatus
1473 1556 1532 1580 est.
1582 1549 1623 1580 T.

211 1609 385 1641 Latinius.
427 1609 475 1639 vir
511 1610 551 1640 de
586 1610 702 1650 plebe,
745 1621 845 1651 quum
880 1612 912 1641 iu
944 1611 1018 1641 visu
1044 1611 1252 1649 admonitus,
1296 1617 1332 1642 nt
1356 1612 1396 1641 de
1423 1611 1623 1650 quibusdam

213 1670 433 1709 religionibus
460 1672 500 1701 ad
529 1677 681 1702 senatum
709 1672 888 1713 perferret,
927 1672 1148 1711 neglexisset,
1190 1673 1316 1704 amisso
1351 1672 1439 1712 filio,
1483 1672 1623 1712 pedibus

211 1732 330 1763 debilis
368 1731 497 1770 factus,
536 1739 713 1773 postquam
751 1734 881 1765 delatus
915 1734 955 1764 ad
994 1740 1146 1765 senatum
1184 1734 1304 1765 lectica
1338 1735 1453 1764 eadem
1488 1733 1547 1764 illa
1572 1733 1622 1763 in-

212 1793 393 1831 dicaverat,
421 1804 481 1825 usu
507 1795 628 1835 pedum
656 1802 790 1837 recepto
817 1796 954 1826 domum
980 1805 1128 1826 reversus
1154 1801 1213 1826 est.
1267 1795 1377 1833 Quum
1396 1792 1459 1827 Cn.
1475 1794 1622 1826 Marcius

214 1853 426 1892 Coriolanus,
453 1857 508 1897 qui
530 1857 563 1886 in
579 1857 734 1888 exsilium
761 1864 831 1888 erat
855 1858 979 1898 pulsus,
1008 1858 1075 1886 dux
1091 1856 1291 1887 Volscorum
1312 1856 1420 1887 factus
1439 1856 1622 1886 exercitum

211 1916 357 1947 hostium
392 1918 465 1948 urbi
506 1919 729 1956 admovisset,
775 1926 807 1950 et
846 1919 935 1949 missi
970 1919 1011 1949 ad
1049 1927 1123 1948 cum
1160 1918 1302 1958 primum
1336 1918 1456 1957 legati,
1503 1922 1621 1958 postea

211 1978 403 2009 sacerdotes
430 1977 553 2010 frustra
578 1980 746 2021 deprecati
773 1985 901 2016 essent,
939 1990 979 2009 nc
1005 1980 1131 2011 bellum
1157 1980 1274 2020 patriae
1300 1979 1453 2016 inferret,
1479 1979 1623 2010 Veturia

211 2044 320 2069 mater
339 2045 370 2069 et
389 2039 574 2072 Volumnia
592 2052 676 2072 uxor
694 2042 952 2082 impetraverunt
973 2041 1014 2071 ab
1034 2051 1085 2081 eo,
1112 2047 1147 2071 ut
1167 2042 1344 2071 recederet.
1393 2040 1466 2072 Lex
1489 2040 1622 2080 agraria

209 2100 354 2140 primum
393 2101 462 2132 lata
505 2108 564 2134 est.
635 2102 691 2144 Sp.
726 2103 863 2135 Cassius
904 2103 1090 2134 consularis
1130 2105 1219 2142 regni
1262 2102 1399 2134 crimine
1443 2103 1622 2134 damnatus

211 2167 261 2191 cst
288 2168 509 2203 necatusque.
560 2162 663 2207 11ia1)
702 2165 795 2205 virgo
821 2165 968 2196 Vestalis
996 2164 1038 2195 ob
1066 2164 1228 2196 incestum
1271 2165 1348 2195 viva
1383 2163 1518 2195 defossa
1559 2169 1619 2195 est.

214 2221 324 2260 Quum
350 2225 450 2255 vicini
479 2226 638 2257 Veientes
665 2227 870 2257 incommodi
897 2227 1004 2265 magis
1038 2235 1138 2266 quam
1172 2236 1292 2265 graves
1325 2232 1453 2264 essent,
1490 2225 1620 2256 familia

209 2284 393 2316 Fabiorum
421 2287 454 2316 id
481 2287 605 2318 bellum
635 2289 817 2329 gerendum
845 2288 1042 2329 depoposcit
1068 2287 1220 2327 misitque
1253 2287 1283 2317 in
1311 2287 1342 2317 id
1369 2292 1534 2317 trecentos
1560 2295 1620 2316 sex

210 2353 374 2381 armatos,
428 2349 483 2388 qui
529 2350 572 2380 ad
613 2350 804 2382 Cremeram
845 2357 966 2391 praeter
1007 2359 1111 2380 unum
1150 2349 1190 2379 ab
1230 2349 1383 2380 hostibus
1420 2348 1495 2379 caesi
1530 2353 1619 2379 sunt.

209 2408 300 2448 App.
334 2407 497 2441 Claudius
535 2422 626 2449 cos.‚
675 2422 776 2452 quum
816 2413 973 2443 adversus
1005 2411 1150 2442 Volscos
1193 2409 1408 2441 contumacia.
1450 2408 1618 2439 exercitus

210 2469 297 2499 male
324 2477 508 2510 pugnatum
536 2479 634 2510 esset,
662 2474 827 2504 decimum
856 2482 1021 2514 quemque
1048 2472 1189 2502 militum
1218 2470 1305 2502 suste
1327 2471 1502 2511 percussit.
1550 2470 1618 2501 Res

285 2659 308 2691 ¹)
330 2665 406 2695 oppia
429 2665 479 2688 tiu.
502 2674 523 2688 c.
544 2666 587 2689 42.
