1796 2929
481 143 584 174 Liber
609 142 736 173 XLIV.
790 142 852 182 (A.
881 140 959 172 Chr.
993 142 1088 181 169.)
1363 144 1428 179 161

83 265 264 302 custodiis
293 265 465 309 firmatis,
496 277 543 301 ne
577 266 677 313 qnod
709 264 923 312 praesidium
957 276 1002 300 ex
1035 262 1264 300 Macedonia
1294 262 1493 298 intromitti

83 341 230 382 posset,
262 333 441 382 quoniam
474 334 531 370 vis
562 342 695 381 aperta
724 347 799 370 non
831 334 1098 381 processisset,
1141 333 1321 379 operibus
1355 332 1495 368 moenia

83 415 318 452 oppugnare.
375 404 470 441 Haec
510 404 734 451 parantibus
764 403 840 447 his,
872 403 911 439 X
942 403 1037 451 regii
1066 403 1202 446 lembi,
1247 403 1295 438 ab
1326 403 1494 438 Thessa-

83 473 207 509 lonica
237 485 321 509 euin
363 473 516 509 delectis
550 473 751 510 Gallorum
792 473 1043 509 auxiliaribus
1074 472 1198 515 missi,
1229 484 1314 507 cum
1345 472 1381 507 in
1413 471 1495 507 salo

82 549 226 579 stantes
257 543 421 579 hostium
452 554 570 579 naves
600 542 909 589 conspexissent,
941 542 1013 589 ipsi
1045 543 1209 578 obscura
1238 548 1372 586 nocte,
1407 542 1496 578 sim-

82 612 169 660 plici
199 612 342 656 ordine,
374 625 487 660 quam
511 619 686 660 poterant
704 612 878 660 proxime
893 612 981 648 litus
1002 618 1183 654 tenenteS,
1214 611 1404 647 intrarunt
1434 625 1497 647 ur-

83 683 182 719 bem.
241 682 366 718 Huius
396 682 487 717 novi
529 681 694 728 praesidii
723 680 827 717 fania
858 682 1042 717 absistere
1072 681 1357 728 oppugnatione
1387 681 1498 716 simul

84 753 280 789 Romanos
323 763 530 799 regemque
572 751 707 798 coegit.
779 749 1034 787 Circumveeti
1079 750 1401 798 promuntorium,
1451 750 1500 786 ad

84 821 265 857 Toronen
297 821 456 856 classem
489 821 728 867 appulerunt.
787 820 884 856 Eam
926 833 1078 868 qnoque
1108 832 1331 868 oppugnare
1363 820 1499 863 adorti,

85 890 148 926 ubi
179 890 309 926 valida
339 890 491 926 defendi
513 903 627 926 manu
659 890 1021 935 animadverterunt,
1052 890 1164 925 inrito
1186 890 1335 936 incepto
1359 890 1499 925 Deme-

85 959 244 995 triadem
278 965 420 1006 petunt.
479 959 539 996 Ibi
570 971 654 996 cum
693 958 1045 1006 adpropinquantes
1083 958 1228 1005 repleta
1267 959 1407 994 moenia
1440 972 1500 995 ar-

85 1029 197 1066 matis
227 1029 422 1073 vidissent,
453 1028 689 1076 praeterveeti
721 1028 769 1064 ad
791 1028 923 1065 Iolcon
946 1030 1106 1065 classem
1132 1027 1372 1075 appulerunt,
1402 1027 1501 1071 inde,

87 1111 180 1147 agro
211 1105 377 1143 vastato,
409 1098 694 1135 Demetriadem
727 1110 880 1145 quoque
911 1098 1142 1146 adgressuri.

197 1169 303 1204 Inter
332 1169 412 1205 haec
451 1175 487 1204 et
529 1168 679 1212 consul,
716 1180 763 1203 ne
801 1167 926 1216 segnis
965 1167 1112 1203 sederet
1152 1173 1299 1203 tantum
1332 1167 1369 1202 in
1408 1179 1501 1215 agro

87 1237 256 1283 hostico,
298 1237 351 1273 M.
382 1237 574 1284 Popilium
616 1250 700 1273 cum
732 1237 771 1273 V
814 1237 966 1274 milibus
1004 1236 1164 1272 militum
1202 1237 1251 1272 ad
1283 1237 1503 1273 Meliboeam

87 1308 218 1343 urbem
242 1307 538 1355 oppugnandam
562 1307 685 1344 mittit.
749 1306 832 1344 Sita
853 1314 905 1343 est
937 1307 974 1342 in
1005 1306 1198 1342 radicibus
1223 1306 1332 1343 Ossae
1355 1307 1504 1352 montis,

89 1388 166 1424 qua
196 1382 304 1422 parte
333 1376 371 1411 in
393 1376 635 1412 Thessaliam
666 1377 801 1424 vergit,
832 1382 1048 1423 opportune
1074 1376 1262 1412 inminens
1292 1388 1406 1423 super
1426 1377 1504 1413 De-

90 1445 327 1482 metriadem.
392 1445 547 1481 Primus
590 1445 775 1481 adventus
816 1446 981 1482 hostium
1022 1445 1183 1493 perculit
1225 1446 1370 1482 incolas
1411 1446 1505 1491 loci3

90 1514 257 1552 collectis
301 1514 437 1550 deinde
477 1526 520 1550 etv
557 1515 785 1562 necopinato
822 1527 968 1563 pavore
999 1515 1156 1560 animis,
1198 1515 1415 1551 discurrunt
1445 1529 1505 1551 ar-

91 1584 184 1619 mati
215 1584 263 1619 ad
295 1591 426 1631 portas
461 1595 506 1619 ae
524 1583 674 1627 moenia,
706 1596 783 1631 qua
812 1584 984 1632 suspecti
1011 1584 1137 1620 aditus
1168 1590 1288 1629 erant,
1319 1597 1504 1633 spemque

92 1652 284 1700 extemplo
314 1653 539 1698 inciderunt,
570 1653 655 1700 capi
687 1652 810 1700 primo
842 1653 984 1700 impetu
1015 1665 1140 1701 posse.
1199 1653 1361 1691 Obsidio
1391 1654 1508 1702 igitur
1538 1656 1559 1690 4

90 1723 324 1771 parabatur,
371 1729 408 1759 et:
439 1734 558 1770 opera
588 1722 640 1757 acl
668 1723 994 1771 oppugnationem
1026 1723 1107 1759 fieri
1138 1731 1276 1772 coepta.
1340 1724 1506 1760 Perseus

91 1804 176 1828 cum
209 1791 391 1837 audisset,
425 1791 539 1828 simul
570 1792 789 1828 Meliboeam
825 1805 848 1828 a
878 1792 1045 1828 consulis
1076 1793 1244 1830 exercitu
1278 1793 1507 1842 oppugnari,

91 1861 204 1898 simul
241 1861 401 1898 classem
446 1862 541 1898 Iolci
578 1869 702 1907 stare,
747 1862 846 1897 unde
883 1862 1171 1899 Demetriadem
1222 1862 1507 1910 adgrederetur,

91 1930 386 1979 Euphranorem
420 1932 611 1979 quendam
651 1944 698 1967 ex
729 1931 889 1968 ducibus
922 1943 1007 1968 cum
1040 1932 1196 1968 delectis
1226 1932 1376 1968 duobus
1411 1932 1507 1969 mili-

92 2001 163 2037 bus
194 2001 414 2038 Meliboeam
445 2002 571 2039 mittit.
631 2001 766 2038 Eidem
797 2002 1049 2050 imperatum,
1098 2008 1159 2040 ut.
1204 2002 1235 2038 si
1274 2014 1297 2038 a
1326 2002 1507 2039 Meliboea

94 2213 126 2252 5,
153 2217 171 2244 2
197 2213 345 2245 firmauit
367 2216 371 2254 ξ
393 2214 575 2245 intromisti
632 2217 651 2244 3
685 2199 831 2244 miioenia
891 2214 928 2251 6,
959 2217 972 2244 1
1002 2213 1205 2245 tessalonica
1259 2218 1280 2245 4
1306 2206 1508 2247 intrarun'mt

94 2280 126 2320 7,
142 2285 160 2312 2
185 2281 405 2312 circumuenti
429 2281 699 2322 promunturium
715 2291 754 2312 ac
772 2288 913 2313 toronen
936 2282 1054 2323 (Gryn.
1071 2281 1260 2323 Toronem)
1295 2283 1328 2321 8,
1349 2287 1360 2315 1
1379 2285 1509 2325 adpug-

94 2348 174 2369 nare
213 2338 312 2375 XIII⁷
335 2338 366 2377 1,
393 2343 405 2370 l
436 2339 498 2370 iter
527 2339 602 2378 (aut
624 2340 707 2379 iter)
733 2339 805 2370 haec
822 2339 825 2379 Ι
842 2349 925 2379 agro
941 2339 1062 2370 hos.m.
1080 2340 1243 2380 popilium
1282 2344 1301 2371 2
1317 2341 1509 2372 moelibeam

94 2395 127 2435 2,
155 2400 173 2427 2
200 2397 372 2428 tessaliam
389 2394 393 2436 Ι
410 2402 608 2437 opportunae
643 2395 676 2434 3,
691 2399 710 2427 2
729 2396 851 2427 deinde
866 2397 1069 2436 necopinato
1087 2395 1153 2428 Ed.
1179 2396 1308 2429 Vascos.
1362 2402 1381 2429 3
1409 2408 1509 2439 quam

97 2468 117 2494 4
144 2465 322 2505 primoimo
362 2465 490 2506 impetu
536 2464 575 2502 4,
613 2468 625 2495 l
665 2453 822 2497 obsidion
871 2468 890 2495 2
923 2474 1027 2505 opera
1059 2465 1350 2505 oppugnationem
1387 2466 1458 2508 My.
1482 2474 1510 2498 er

106 2519 226 2552 Vahlen
253 2522 372 2564 (Gryn.
401 2531 502 2563 opera
527 2522 836 2563 oppugnationum)
887 2525 906 2552 3
933 2522 1139 2554 moeliboeam
1188 2523 1290 2554 4loci
1318 2530 1405 2555 stare
1431 2525 1509 2555 inde

100 2577 234 2609 Forchh.
263 2580 378 2621 (Gryn.
405 2579 490 2611 Iolci
516 2585 557 2611 st.
584 2585 622 2610 ut
645 2579 738 2620 inde)
789 2583 807 2610 5
829 2578 1138 2621 eupramoremlex
1163 2579 1306 2612 ducibus
1331 2590 1373 2612 ex
1398 2581 1510 2612 delec-

98 2635 293 2678 tiseduobus
317 2647 483 2679 militibus
509 2648 630 2679 obeam
678 2647 710 2687 5,
742 2652 754 2680 l
784 2649 875 2680 idem
897 2649 902 2688 Ι
924 2648 1090 2680 moelibaea

133 2710 230 2735 Livius
249 2717 285 2735 ex
304 2717 358 2735 rec.
379 2711 522 2742 Madvigii.
564 2711 624 2736 vn.
1205 2713 1241 2741 11

1531 680 1548 713 κ]

1563 1160 1612 1205 13
