1742 2902
477 119 580 151 Liber
605 119 696 151 XLI.
750 121 809 157 (A.
838 118 917 151 Chr.
950 120 1042 160 176.)
1371 122 1416 156 17

61 244 143 281 iret.
208 244 400 279 Praetores
431 243 545 279 ambo
575 243 612 278 in
643 230 776 278 eadem
807 244 928 279 verba
956 243 1142 278 iurarunt.
1219 241 1274 277 M.
1305 241 1472 277 Titinius
1511 241 1550 274 11

62 319 100 350 et
133 311 172 348 T.
206 312 388 348 Fonteius
419 312 668 360 proconsules
712 324 867 348 manere
907 325 991 348 cum
1022 312 1154 348 eodem
1198 310 1345 358 imperii
1391 310 1472 346 iure

61 382 97 417 in
128 381 318 429 Hispania
348 381 461 424 iussi3
504 388 541 416 et
584 388 625 416 ut
669 381 706 417 in
744 382 1049 429 supplementum
1092 381 1136 417 iis
1178 380 1251 416 tria
1286 379 1390 415 milia
1419 378 1471 414 ci-

61 450 162 486 vium
194 450 457 486 Romanorum
496 462 580 486 cum
615 450 804 497 equitibus
835 450 914 496 CC,
958 452 994 486 V
1026 450 1129 486 milia
1166 449 1310 485 socium
1344 447 1473 484 Latini

59 519 221 554 nominis
254 526 291 554 et
325 518 424 556 CCC
455 520 600 567 equites
631 520 879 556 mitterentur.

176 588 322 624 Latinae
369 588 473 625 feriae
519 588 625 625 fuere
673 598 761 625 ante
809 590 908 626 diem
954 589 1016 626 ΙΙΙ
1064 600 1185 623 nonas
1230 588 1383 631 Maias,
1431 586 1471 622 in

59 657 195 706 quibus
240 658 330 705 quia
371 658 407 694 in
459 671 535 695 una
574 659 700 695 hostia
740 661 987 708 magistratus
1032 657 1255 694 Lanuvinus
1292 664 1471 705 precatus

57 740 132 763 non
167 734 251 763 erat
281 739 438 764 Porum
473 739 647 765 nomino
684 741 926 777 quini‘rium,
957 728 1129 776 religioni
1161 727 1243 764 fuit.
1308 726 1352 762 Id
1385 738 1468 762 cum

58 797 107 833 ad
139 804 312 833 senatum
344 798 505 833 relatum
537 804 636 833 esset
673 806 906 845 senatusque
936 799 985 835 ad
1016 798 1237 846 pontificum
1268 795 1468 844 collegium

56 867 269 911 reiecisset,
320 867 587 914 pontificibus,
633 867 723 914 quia
761 879 838 902 non
878 876 979 904 recte
1010 868 1121 904 sactae
1152 867 1300 903 Latinae
1333 871 1470 909 essent,

56 936 282 980 instaurari,
313 937 459 973 Latinis
490 936 645 985 placuit,
692 937 936 981 Lanuvinos,
983 947 1143 984 quorum
1177 948 1296 983 opera
1325 935 1469 970 instau-

54 1006 175 1042 raturi
221 1013 367 1050 essent,
417 1006 564 1042 hostias
600 1007 790 1054 praebere.
865 1009 1098 1043 Accesserat
1140 1005 1189 1041 ad
1232 1004 1468 1052 religionem,

55 1075 154 1123 quod
183 1074 252 1113 Cn.
284 1075 482 1112 Cornelius
523 1076 656 1111 consul
697 1089 744 1112 ex
775 1083 904 1113 monte
934 1076 1090 1112 Albano
1120 1075 1270 1111 rediens
1305 1073 1470 1109 concidit

55 1153 110 1189 et,
155 1153 264 1193 parte
296 1146 553 1181 membrorum
593 1153 748 1193 captus,
793 1146 840 1182 ad
883 1157 1004 1193 aquas
1036 1144 1231 1181 Cumanas
1262 1142 1469 1191 profectuS,

53 1215 342 1264 ingravescente
373 1216 521 1259 morbo,
552 1214 684 1252 Cumis
715 1216 888 1252 decessit.
955 1215 1030 1251 Sed
1070 1214 1158 1250 inde
1192 1222 1363 1250 mortuus
1389 1212 1469 1248 Ro-

54 1299 154 1322 mam
203 1286 354 1322 adlatus
398 1292 433 1321 et
482 1285 616 1322 funere
659 1285 864 1333 magnifico
919 1285 1042 1320 elatus
1094 1284 1344 1332 sepultusque
1399 1287 1467 1317 est.

54 1355 236 1392 Pontifex
279 1356 378 1392 idem
410 1354 547 1392 fuerat.
607 1354 751 1391 Consul
784 1356 831 1402 Q.
862 1355 1045 1399 Petilius,
1090 1367 1173 1390 cum
1206 1352 1368 1400 primum
1401 1363 1470 1399 per
1503 1355 1516 1361 '

54 1425 226 1472 auspicia
256 1433 404 1473 posset,
435 1425 590 1472 collegae
621 1426 867 1473 subrogando
908 1424 1062 1460 comitia
1099 1425 1242 1460 habere
1275 1422 1400 1458 iussus
1431 1426 1468 1456 et

52 1493 213 1530 Latinas
243 1495 403 1534 edicere.
470 1494 638 1531 Comitia
675 1495 713 1531 in
757 1502 840 1530 ante
880 1495 979 1531 diem
1020 1495 1082 1530 111
1123 1504 1244 1530 nonas
1287 1491 1466 1535 Sextiles,

52 1562 210 1599 Latinas
248 1563 286 1599 in
318 1571 406 1600 ante
446 1564 544 1600 diem
577 1565 640 1600 ΙΙΙ
684 1564 769 1600 idus
812 1564 976 1602 Sextiles
1015 1563 1145 1600 edixit.
1209 1562 1340 1599 Plenis
1377 1561 1464 1597 reli·

52 1631 208 1679 gionum
240 1634 399 1678 animis,
441 1634 618 1682 prodigia
655 1634 811 1682 insuper
840 1635 1037 1670 nuntiata:
1083 1633 1243 1669 Tusculi
1274 1632 1396 1669 facem
1428 1631 1467 1667 in

53 1701 143 1738 eaelo
168 1703 304 1747 visam,
326 1704 464 1741 Gabiis
489 1705 608 1740 aedem
625 1703 818 1751 Apollinis
840 1712 874 1739 et
897 1703 1049 1751 privata
1079 1703 1239 1739 aedificia
1269 1701 1467 1749 conplura,

53 1769 252 1808 Graviscis
284 1785 430 1808 murum
462 1780 692 1821 portamque
722 1774 769 1809 de
799 1774 891 1809 caelo
923 1780 1037 1808 tacta.
1119 1773 1180 1809 Ea
1215 1780 1344 1820 patres
1377 1783 1467 1819 pro·

52 1841 190 1885 curari,
221 1842 273 1878 uti
304 1841 501 1890 pontifices
531 1843 778 1888 censuissent,
807 1843 1010 1879 iusserunt.
1061 1843 1165 1879 Dum
1185 1842 1359 1878 consules
1388 1840 1466 1889 pri-

53 1921 153 1946 mum
185 1911 407 1958 religiones,
457 1911 592 1946 deinde
631 1913 791 1949 alterum
832 1913 987 1949 alterius
1029 1925 1131 1949 mors
1177 1919 1214 1948 et
1244 1910 1400 1947 comitia
1430 1914 1468 1946 et

54 1978 278 2016 Latinarum
321 1980 548 2016 instauratio
593 1979 803 2026 inpediunt,
847 1981 996 2018 interim
1043 1981 1086 2019 C.
1127 1981 1311 2019 Claudius
1356 1992 1465 2016 exer-

53 2047 166 2084 citum
199 2049 248 2084 ad
279 2050 490 2095 Mutinam,
537 2062 654 2097 quam
687 2050 850 2097 Ligures
885 2052 1013 2100 priore
1043 2065 1144 2088 anno
1175 2057 1367 2100 ceperant,
1398 2049 1466 2086 ad-

54 2165 108 2203 11,
140 2171 152 2198 l
181 2153 252 2198 iure
277 2168 430 2198 iurarunt
459 2166 549 2198 Crev.
586 2172 604 2198 2
631 2173 664 2198 et
689 2167 837 2199 fonteius
861 2169 865 2207 Ι
887 2169 1005 2209 imperi
1038 2174 1056 2200 3
1082 2170 1116 2200 hi
1144 2169 1216 2211 λίς.
1252 2168 1370 2211 (Gr-yn.
1397 2169 1464 2208 his)

55 2227 75 2254 4
100 2231 173 2256 ocu·
212 2225 339 2256 milium
373 2227 500 2256 socium
563 2224 667 2263 XVI,
693 2226 732 2263 1,
764 2229 775 2256 l
815 2236 891 2256 non.
933 2227 1010 2258 mai.
1081 2231 1099 2257 2
1138 2228 1270 2258 ianinus
1304 2234 1469 2268 praecatus

55 2280 136 2333 3pr.
178 2298 181 2332 Ι
209 2294 335 2333 legioni
373 2293 405 2329 2,
434 2299 451 2324 2
469 2279 572 2324 estset
623 2298 642 2325 3
659 2295 828 2325 seiecisset
851 2297 856 2332 ι
879 2302 977 2325 rcctae
1003 2294 1090 2326 facte
1142 2300 1160 2326 4
1180 2296 1374 2328 instauratis
1394 2296 1466 2339 My.

53 2348 125 2381 Em.
153 2350 237 2381 500.
268 2350 386 2392 (Gr-yn.
413 2351 609 2382 instauratis
637 2352 783 2389 Latinis,
810 2352 1067 2393 pl.)1hinuinos
1090 2354 1287 2393 {instaurati
1316 2354 1467 2396 Sefflert.

55 2405 172 2448 (Gryn.
201 2408 420 2441 instauratae).
462 2409 494 2444 3,
527 2413 538 2440 l
569 2411 609 2439 ad
636 2409 804 2449 legionem
833 2420 883 2440 cn.
935 2413 954 2440 4
981 2411 1236 2450 ingrabescente
1285 2412 1347 2448 4,l
1379 2424 1468 2445 mor-

55 2467 107 2494 tus
157 2468 175 2494 2
202 2465 388 2505 sepultusq.
445 2466 476 2499 5,
505 2470 524 2496 3
550 2467 583 2496 in
609 2467 695 2497 diem
720 2467 792 2498 ·111-
820 2466 930 2507 Sz'yon.
955 2468 960 2505 1
983 2468 1119 2499 sextiles
1146 2469 1177 2498 in
1205 2469 1246 2498 ad
1275 2470 1362 2500 diem
1393 2471 1466 2502 ·111·

54 2519 129 2551 idus
145 2519 242 2562 Gryn.
260 2522 427 2561 (Latinas)
453 2529 482 2553 et
494 2522 603 2564 Siyou.
632 2524 678 2560 (in
694 2535 723 2555 a.
744 2525 788 2560 d.‚
815 2536 880 2555 cum
901 2523 999 2566 Gryn.
1026 2526 1060 2555 in
1087 2526 1263 2565 omisisset.)
1305 2526 1336 2565 6,
1354 2532 1372 2559 3
1399 2529 1466 2569 gab

54 2579 150 2616 gauis
192 2579 276 2617 (gab
303 2579 333 2609 in
349 2580 420 2618 fine
446 2583 569 2619 versus)
620 2585 639 2611 4
667 2587 877 2622 tactaepatres
927 2585 944 2612 5
967 2583 1038 2613 utin
1100 2583 1131 2620 7,
1168 2587 1188 2614 3
1223 2586 1466 2619 instauratione

55 2633 185 2676 Kreyss.
214 2635 332 2677 (Gryn.
360 2637 637 2675 instaurationes)

89 2702 186 2727 Livius
202 2710 237 2728 ex
255 2711 306 2729 rec.
325 2704 468 2735 Madvigii.
508 2706 570 2730 vn.
1181 2702 1199 2728 2

1532 580 1582 626 16
