1753 2934
297 113 373 149 248
656 109 758 140 Liber
783 107 893 138 XLV.
946 109 1005 147 (Α.
1032 117 1064 138 ιι.
1093 117 1120 138 c.
1150 110 1242 144 587.)

193 235 212 269 7
247 246 330 270 cum
362 231 567 274 Heraclea,
598 242 714 277 quam
747 229 916 267 Sinticen
949 228 1156 276 appellant.
1233 227 1449 265 Secundam
1480 228 1563 265 fore
1592 240 1654 265 re-

170 1137 213 1171 10

168 1278 210 1312 11

171 1487 215 1523 12

171 1697 216 1733 13

173 1839 217 1873 14

241 302 413 350 gionem,
460 312 574 346 quam
609 300 657 336 ob
689 307 775 335 ortu
808 298 964 346 Strymo
1003 297 1296 345 amplecteretur
1329 299 1473 343 amnis,
1518 305 1655 346 praeter

243 371 411 407 Sinticen
442 369 672 406 Heracleam
716 376 753 405 et
790 368 980 412 Bisaltas,
1025 369 1073 404 ab
1114 380 1327 416 occasuque
1359 368 1485 404 Axius
1527 367 1654 404 termi-

243 446 352 476 naret
380 440 542 483 fluvius,
575 438 714 474 additis
747 437 974 481 Paeonibus,
1011 437 1075 484 qui
1106 451 1226 487 prope
1260 439 1404 475 Axium
1435 438 1574 473 flumen
1605 437 1656 473 ad

242 509 435 557 regionem
469 508 624 544 orientis
657 508 837 545 colerent.
917 507 1052 544 Tertia
1092 520 1182 555 pars
1211 507 1337 551 facta,
1383 521 1496 556 quam
1529 507 1655 544 Axius

243 579 290 614 ab
322 578 489 622 oriente,
520 579 671 614 Peneus
703 577 826 613 amnis
858 577 906 613 ab
947 589 1087 613 occasu
1129 578 1302 625 cingunt3
1342 578 1391 613 ad
1427 577 1656 626 septentrio-

242 659 326 682 nem
359 647 465 683 Bora
495 660 604 683 mons
635 647 809 683 obicitur.
899 647 1063 683 Adiecta
1092 647 1180 683 huic
1210 647 1311 695 parti
1341 647 1447 695 regio
1479 647 1656 692 Paeoniae,

245 730 320 765 qua
351 718 399 753 ab
433 729 571 754 occasu
603 725 742 766 praeter
764 717 910 754 Axium
945 729 1094 753 amnem
1127 717 1352 765 p01·rigitur;
1383 717 1532 754 Edessa
1563 729 1656 765 quo-

245 800 318 835 que
348 794 385 824 et
415 788 554 824 Beroea
585 788 717 823 eodem
760 793 1038 824 concesserunt.
1106 785 1255 832 Quarta
1295 788 1400 835 regio
1442 795 1547 823 trans
1579 787 1657 824 Bo-

243 870 326 894 ram
358 865 547 901 montem,
578 870 655 893 una
685 864 794 905 parte
829 857 987 893 confinis
1018 856 1197 905 Illyrico,
1230 857 1351 893 altera
1386 857 1518 905 Epiro.
1583 856 1658 893 Ca-

245 927 325 976 pita
354 928 578 976 regionum,
607 928 672 963 ubi
704 927 866 963 concilia
897 928 1051 970 fierent,
1082 927 1214 975 primae
1244 928 1411 976 regionis
1442 927 1658 976 Amphipo-

244 996 323 1041 lim,
354 997 530 1033 secundae
561 997 877 1041 Thessalonicen,
909 997 1028 1033 tertiae
1045 997 1205 1041 Pellam,
1239 1005 1386 1045 quartae
1407 997 1658 1046 Pelagoniam

246 1066 347 1104 fecit.
420 1068 479 1104 Eo
511 1067 673 1103 concilia
718 1080 796 1103 suae
841 1067 1024 1114 cuiusque
1063 1067 1231 1114 regionis
1274 1067 1410 1112 indici,
1458 1068 1658 1116 pecuniam

246 1137 433 1177 conferri,
477 1137 530 1173 ibi
572 1138 820 1185 magistratus
864 1137 986 1173 creari
1025 1137 1145 1173 iussit.
1212 1138 1483 1174 Pronuntiavit
1513 1137 1660 1183 deinde,

246 1220 370 1255 neque
409 1207 613 1244 conubium
656 1219 779 1254 neque
818 1207 1086 1243 commercium
1126 1220 1305 1256 agrorum
1338 1208 1661 1256 aedificiorumque

245 1278 343 1314 inter
373 1290 413 1314 se
444 1278 596 1326 placere
627 1277 806 1324 cuiquam
840 1284 950 1312 extra
982 1277 1074 1312 fines
1104 1278 1272 1325 regionis
1302 1290 1380 1313 suae
1410 1290 1504 1314 esse.
1579 1278 1660 1314 Me-

246 1348 340 1384 talla
371 1361 526 1396 quoque
557 1347 640 1383 auri
671 1347 797 1394 adque
839 1347 987 1395 argenti
1026 1359 1102 1382 non
1143 1347 1330 1391 exerceri3
1376 1346 1466 1383 ferri
1505 1354 1541 1383 et
1577 1348 1661 1384 aeris

245 1419 425 1466 permitti.
505 1417 684 1465 Vectigal
742 1418 1006 1453 exercentibus
1060 1417 1256 1452 dimidium
1310 1417 1390 1453 eius
1443 1418 1661 1466 inpositurn,

249 1489 349 1536 quod
382 1488 651 1536 pependissent
681 1488 772 1535 regi.
834 1487 884 1523 Et
913 1487 993 1523 sale
1023 1487 1172 1523 invecto
1200 1488 1251 1523 uti
1274 1487 1404 1523 vetuit.
1466 1487 1662 1524 Dardanis

246 1559 508 1607 repetentibus
540 1558 762 1601 Paeoniam,
803 1557 905 1605 quod
945 1565 981 1593 et
1012 1570 1081 1593 sua
1112 1556 1244 1592 fuisset
1275 1565 1311 1593 et
1337 1558 1532 1594 continens
1563 1564 1663 1594 esset

248 1630 385 1666 finibus
417 1629 518 1673 suis5
563 1628 740 1664 omnibus
787 1628 878 1663 dare
908 1627 1122 1664 libertatem
1156 1627 1438 1675 pronuntiavit,
1485 1628 1549 1675 qui
1591 1627 1662 1663 sub

247 1711 366 1747 regno
399 1699 531 1736 Persei
570 1697 741 1734 fuissent.
810 1699 905 1734 Post
945 1710 1019 1733 non
1059 1698 1302 1745 impetratam
1335 1697 1530 1734 Paeoniam
1571 1697 1662 1733 salis

249 1770 517 1807 commercium
551 1768 673 1812 dedit;
714 1768 834 1804 tertiae
866 1768 1011 1816 regioni
1042 1768 1267 1816 imperavit,
1305 1775 1347 1803 ut
1377 1768 1518 1806 Stobos
1550 1768 1663 1804 Paeo-

249 1841 320 1877 niae
351 1840 602 1883 deveherent,
648 1839 891 1888 pretiumque
934 1838 1077 1875 statuit.
1153 1837 1344 1874 Navalem
1386 1838 1585 1875 materiam
1628 1843 1664 1872 et

252 2060 269 2087 5
298 2057 449 2088 senticcn
498 2054 530 2092 7,
557 2060 576 2087 2
605 2059 699 2085 ortus
757 2057 775 2084 3
803 2054 965 2084 senticem
1004 2053 1009 2092 Ι
1043 2062 1164 2083 occasu
1192 2061 1258 2092 qua
1296 2053 1406 2083 acsias
1435 2050 1507 2092 My.
1537 2050 1665 2090 (Axius

255 2114 375 2156 Gryn.)
427 2117 446 2144 4
473 2113 595 2143 additis
626 2112 743 2153 poenis
775 2111 871 2143 Gron.
900 2110 1016 2152 (Gr-yn.
1043 2110 1197 2148 Paeonis)
1229 2110 1233 2149 Ι
1263 2119 1366 2151 prope
1392 2107 1665 2140 auxiliumanflu-

249 2182 325 2203 men
353 2182 396 2202 an
421 2171 591 2211 regionem
655 2172 673 2199 5
701 2169 811 2200 colere
868 2168 901 2206 8,
929 2172 946 2198 2
973 2177 1109 2209 paeneus
1135 2169 1244 2198 omnis
1267 2168 1271 2206 Ι
1294 2167 1336 2198 ab
1363 2174 1581 2198 sentenonem
1645 2169 1664 2196 3

250 2230 385 2260 obtecta
411 2229 489 2259 huic
511 2229 516 2267 1
539 2228 667 2269 poeniae
693 2237 758 2268 quo
813 2231 833 2257 4
859 2227 988 2257 aedessa
1040 2230 1058 2257 5
1087 2232 1119 2256 et
1147 2226 1249 2256 borea
1305 2225 1337 2263 9,
1368 2228 1379 2256 l
1410 2231 1503 2256 trans
1529 2225 1665 2255 dorsum

250 2293 395 2318 montem
454 2285 599 2317 Eundem
637 2291 765 2316 montem
797 2284 846 2315 Ῐιῐε
879 2290 907 2315 ει
938 2283 1038 2325 paulo
1070 2290 1142 2314 ante
1166 2283 1346 2324 sz'qng'jicari
1369 2288 1520 2323 αρρανεις
1559 2291 1666 2312 nomen

250 2351 398 2376 vic-ertum
424 2351 484 2381 est,
517 2343 670 2384 Georyius
686 2341 850 2384 Syncellus
877 2341 1015 2382 Βέρνον
1042 2341 1136 2380 dict't;
1165 2340 1254 2372 dorsi
1286 2341 1394 2372 montis
1420 2340 1529 2371 mentio
1551 2349 1666 2380 parum

251 2408 329 2443 apta
355 2408 409 2434 est.
460 2405 477 2432 2
506 2402 648 2442 inlyrico
673 2401 760 2432 alter
819 2404 839 2431 3
866 2400 1059 2440 ampipolim
1087 2400 1233 2431 secunda
1264 2399 1491 2430 tossalonicen
1551 2402 1571 2428 4
1596 2396 1667 2437 pel-

252 2460 360 2491 lamus
419 2462 437 2489 6
465 2459 610 2490 conferri
639 2459 697 2490 tibi
748 2458 802 2496 10,
823 2462 840 2488 2
868 2458 1147 2497 editiciorumque
1197 2457 1252 2496 11,
1279 2461 1298 2488 2
1334 2456 1480 2488 exerceri
1509 2464 1569 2485 nec
1594 2454 1667 2485 fieri

253 2523 286 2548 et
310 2518 384 2548 aeris
415 2517 580 2557 permittit
643 2516 698 2554 12,
730 2520 742 2547 l
774 2522 807 2547 et
831 2516 901 2547 sale
927 2517 1084 2547 innuceto
1135 2519 1153 2546 2
1181 2515 1372 2556 repentibus
1396 2513 1551 2555 poeninm
1611 2511 1666 2550 13,

257 2578 269 2606 1
308 2575 464 2616 poeniam
528 2578 547 2605 2
574 2574 857 2616 stobosetpoeniae
917 2578 936 2605 3
971 2574 1191 2615 praetiumque
1215 2574 1373 2605 statuitur
