1796 2929
490 124 591 155 Liber
616 122 743 153 xmv.
795 122 856 162 (A.
889 121 966 152 chr.
998 123 1088 161 169.)
1371 123 1443 158 159

92 247 328 296 perveniunt.
402 247 461 283 lbi
501 246 643 295 egressi
676 246 713 282 in
744 252 907 289 terram,
938 246 1061 294 primo
1092 252 1129 281 et
1158 249 1358 280 vastarunt
1388 254 1502 291 agros

92 317 234 365 passim
277 324 314 353 et
364 316 600 364 aliquantum
645 315 782 364 praedae
831 316 1069 352 contulerunt
1119 315 1166 351 ad
1205 326 1334 351 naves,
1404 312 1503 349 Dein

65 373 243 435 ‘palatos
274 398 338 422 eos
373 386 497 422 adorti
528 385 780 428 Macedones,
817 385 925 421 mixti
956 385 1101 434 pedites
1133 384 1372 432 equitesque,
1405 380 1503 429 fugi-

94 462 197 492 entes
237 454 356 491 effuse
386 454 434 490 ad
474 467 579 490 mare
615 454 824 503 persecuti,
863 455 899 490 D
931 455 1051 491 ferme
1082 453 1320 496 occiderunt,
1363 458 1399 487 et
1428 463 1505 487 non

94 524 215 559 minus
247 530 438 571 ceperunt.
496 524 580 560 Nec
612 524 713 560 aliud
745 536 859 571 quam
893 524 1027 560 ultima
1048 523 1267 566 necessitas,
1297 533 1380 557 cum
1411 520 1506 556 reci-

94 605 183 641 pere
208 605 247 628 se
269 600 349 628 tuto
372 592 420 628 ad
442 605 559 629 naves
581 593 885 642 prohiberentur,
902 593 1050 629 animos
1068 592 1225 628 militum
1244 592 1505 627 Romanorum

94 662 205 698 simul
221 661 486 710 desperatione
503 663 578 699 alia
594 663 740 708 salutis,
757 663 869 699 simul
886 663 1110 711 indignitate
1126 661 1307 697 inritavit.
1329 660 1507 697 Redinte-

92 738 203 779 grata
230 732 268 767 in
295 731 404 768 litore
424 744 553 780 pugna
584 740 658 777 est3
691 733 885 777 adiuvere,
915 733 978 781 qui
1009 732 1046 768 in
1077 731 1240 768 navibus
1269 737 1389 768 erant.
1449 730 1509 772 lbi

95 801 349 837 Macedonum
372 801 522 837 ducenti
545 801 663 839 ferme
686 803 792 846 caesi;
823 816 893 851 par
914 813 1092 838 numerus
1114 808 1259 849 captus.
1310 801 1374 836 Ab
1396 799 1509 836 Anti—

94 883 218 919 gonea
249 871 380 907 classis
411 870 584 919 profecta
615 873 662 908 ad
703 884 836 920 agrum
868 873 1133 908 Pallenensem
1164 869 1429 906 excensionem
1461 869 1510 904 ad

95 940 356 989 populandum
387 940 486 977 fecit.
548 941 698 977 Finium
728 943 760 978 is
792 955 884 990 ager
905 940 1247 979 Cassandrensium
1275 946 1368 983 erat,
1398 939 1511 986 longe

95 1009 348 1047 fertilissimus
391 1011 512 1046 omnis
551 1023 648 1055 orae,
687 1024 802 1059 quam
841 1011 1079 1059 praetervecti
1118 1009 1282 1047 fuerant.
1342 1009 1401 1044 Ibi
1432 1008 1512 1045 Eu-

98 1092 224 1116 menes
254 1092 344 1124 rex,
375 1080 458 1116 XX
490 1081 597 1117 tectis
627 1081 790 1117 navibus
822 1082 870 1117 ab
899 1081 997 1118 Elea
1027 1079 1240 1128 profectus,
1269 1079 1405 1115 obvius
1442 1077 1512 1114 fuit

97 1158 133 1186 et
164 1150 331 1198 quinque
362 1150 485 1186 missae
515 1163 538 1186 a
570 1150 710 1187 Prusia
739 1163 830 1199 rege
859 1157 967 1187 teetae
996 1161 1127 1186 naves.

207 1220 294 1256 IIae
324 1220 459 1256 virium
493 1221 710 1257 accessione
742 1221 892 1257 animus
922 1220 1041 1256 crevit
1070 1219 1237 1268 praetori,
1268 1225 1309 1254 ut
1342 1217 1510 1255 Cassan-

98 1289 227 1326 dream
267 1297 518 1338 oppugnaret.
588 1288 753 1327 Condita
798 1298 854 1327 est
892 1303 915 1326 a
953 1289 1174 1326 Cassandro
1218 1300 1309 1338 rege
1346 1288 1382 1323 in
1422 1287 1514 1336 ipsis

98 1359 285 1402 faucibus,
316 1372 401 1406 quae
421 1360 688 1396 Pallenensem
731 1372 865 1408 agrum
906 1367 1040 1396 eeterae
1067 1358 1305 1394 Macedoniae
1343 1358 1515 1406 iungunt,

98 1430 183 1465 hinc
214 1429 455 1473 Toronaico,
500 1430 586 1465 hine
619 1430 870 1467 Macedonico
904 1436 1024 1477 saepta
1056 1429 1162 1464 mari.
1223 1427 1377 1464 Eminet
1407 1440 1514 1463 nam-

98 1512 170 1547 que
200 1499 238 1534 in
270 1499 388 1535 altum
418 1499 567 1547 lingua,
607 1499 645 1535 in
687 1512 762 1547 qua
800 1501 873 1536 sita
910 1506 986 1542 est,
1035 1509 1104 1534 nec
1141 1497 1264 1533 minus
1304 1509 1417 1545 quam
1458 1496 1515 1532 in-

98 1569 218 1605 clutus
249 1569 510 1616 magnitudine
539 1569 646 1605 Atho
679 1581 786 1605 mons
824 1569 1009 1613 excurrit,
1053 1569 1218 1604 obversa
1253 1567 1291 1602 in
1320 1566 1515 1614 regionem

99 1638 308 1686 Magnesiae
329 1638 477 1674 duobus
497 1638 694 1686 inparibus
724 1638 1017 1686 promuntoriis,
1048 1649 1209 1685 quorum
1241 1637 1378 1673 maiori
1404 1635 1516 1673 Posi-

99 1709 209 1745 deum
242 1715 299 1745 est
325 1719 476 1752 nomen,
506 1706 644 1743 minori
677 1706 954 1745 Canastraeuni.
997 1708 1142 1744 Divisis
1173 1707 1346 1756 partibus
1368 1718 1517 1755 oppug-

99 1791 193 1814 nare
222 1778 359 1817 adorti.
429 1778 627 1814 Romanus
669 1777 718 1814 ad
752 1776 892 1823 Clitas,
933 1790 1030 1826 quas
1071 1784 1232 1822 vocant,
1270 1776 1517 1821 munimenta,

101 1847 222 1884 cervis
264 1848 378 1884 etiam
419 1848 598 1892 obiectis,
640 1854 681 1883 ut
726 1847 828 1883 viam
869 1848 1159 1892 intercluderet,
1203 1860 1226 1883 a
1263 1845 1517 1882 Macedonico

101 1917 149 1953 ad
181 1917 441 1954 Toronaicum
481 1930 587 1953 mare
617 1916 802 1965 perducit.
861 1918 925 1954 Ab
965 1918 1088 1954 altera
1117 1925 1229 1966 parte
1257 1917 1410 1965 euripus
1441 1922 1517 1960 est3

99 1987 188 2023 inde
206 1987 398 2024 Eumenes
428 1987 693 2036 oppugnabat.
751 1986 937 2022 Romanis
958 1987 996 2023 in
1018 1987 1124 2024 fossa
1145 1987 1370 2035 conplenda,
1401 1999 1518 2034 quam

101 2068 222 2104 nuper
253 2055 445 2093 obiecerat
472 2058 651 2101 Perseus,
681 2057 885 2104 plurimum
919 2063 1002 2093 erat
1030 2056 1186 2094 laboris.
1245 2057 1305 2093 Ibi
1336 2057 1517 2104 quaerenti

102 2201 134 2239 8,
151 2207 168 2232 2
183 2208 288 2233 teram
315 2206 334 2233 3
347 2204 458 2243 praede
490 2204 522 2242 9,
541 2208 552 2236 1
569 2193 803 2246 deindpalatos
831 2207 849 2234 3
862 2203 976 2236 effusae
992 2205 996 2245 j
1013 2215 1033 2235 a
1045 2204 1150 2236 ferme
1176 2205 1229 2242 10,
1241 2209 1260 2236 3
1279 2205 1419 2238 Wesenb.
1431 2206 1518 2237 alius

104 2259 158 2298 ll,
175 2263 188 2290 1
207 2258 425 2299 reiintegrata
446 2261 450 2300 Ι
475 2262 584 2293 atinae
599 2263 654 2302 qui
669 2263 703 2293 in
728 2261 847 2304 (Gr-yn.
865 2262 1024 2293 adiuvere
1043 2267 1075 2293 et
1093 2263 1164 2302 qui,
1192 2261 1255 2294 Kr.
1273 2268 1305 2294 et
1317 2262 1471 2304 sustulit.)
1499 2268 1518 2294 3

105 2329 264 2368 antigone
300 2328 355 2367 12,
383 2333 401 2360 2
428 2320 919 2374 fertissimusfloraeilsuerante
955 2335 974 2362 3
1002 2331 1043 2362 ad
1070 2331 1143 2362 elea
1192 2335 1212 2361 4
1238 2332 1331 2363 missi
1357 2342 1377 2362 a
1402 2332 1520 2373 prissae

103 2396 165 2434 XI,
192 2397 223 2434 1,
253 2401 265 2428 l
296 2399 495 2430 accensione
518 2400 522 2439 Ι
544 2400 692 2440 praetorii
742 2399 774 2437 2,
799 2404 817 2431 2
843 2400 952 2439 iungit
997 2403 1016 2430 3
1043 2400 1382 2441 saeptam[meminent
1439 2401 1472 2438 3,
1501 2405 1518 2431 2

105 2464 204 2495 quam
229 2455 354 2486 inaltus
380 2457 611 2496 magnitudine
637 2456 769 2499 Kreyss.
800 2456 918 2498 (Gr-yn.
949 2458 983 2488 in
1006 2457 1110 2488 altum
1130 2457 1261 2499 magn.)
1313 2462 1332 2488 4
1358 2468 1521 2499 promun—

105 2512 198 2543 tui-iis
220 2511 225 2553 Ι
246 2522 385 2553 poseum
403 2524 502 2554 supra
519 2513 629 2545 eadem
655 2526 748 2546 manu
775 2513 947 2555 adscriptis
973 2513 1084 2545 litteris
1108 2515 1141 2546 id
1179 2518 1196 2546 5
1217 2516 1392 2546 minisnori
1418 2526 1520 2547 cana-

106 2573 229 2600 streum
277 2569 310 2609 4,
340 2575 353 2602 1
384 2570 516 2613 Kreyss.
544 2572 685 2603 diuersis
719 2575 740 2604 8
766 2572 874 2603 cerbis
897 2572 901 2610 Ι
924 2572 1164 2603 intere-luderet
1185 2573 1190 2612 Ι
1214 2572 1434 2612 (macedonia
1453 2573 1519 2614 Η.)

107 2630 126 2656 4
153 2631 368 2659 toronaecum
392 2627 398 2669 Ι
419 2629 461 2659 ad
488 2629 592 2661 altera
643 2629 674 2667 5,
702 2632 720 2660 2
748 2630 926 2670 quaerentis

1541 524 1587 558 10

1544 660 1583 694 11

1547 938 1592 973 12

1545 1213 1592 1258 11

1547 1287 1568 1323 2

1547 1429 1568 1463 3

1548 1710 1569 1743 4

1551 1987 1573 2022 0¹
