1742 2902
173 1361 220 1395 10

145 1627 197 1677 15

311 124 359 160 52
657 121 760 152 Liber
784 119 897 152 XLII.
957 121 1018 160 (A.
1046 130 1078 152 u.
1108 130 1135 152 c.
1165 121 1264 163 582.)

250 256 401 292 regem,
439 248 481 279 ut
510 242 711 291 purganti,
749 254 791 279 se
823 244 916 280 nihil
945 244 1084 280 hostile
1113 244 1256 280 dixisse
1285 250 1352 280 aut
1381 243 1535 289 fecisse,
1571 243 1666 281 fides

251 315 460 355 habeatnr3
502 320 690 352 ceterum..
731 313 763 349 si
796 314 1034 362 pervicacius
1065 326 1219 350 causam
1254 315 1343 350 belli
1375 314 1491 362 quaeri
1522 313 1665 359 videat,

251 383 342 420 forti
370 383 498 418 animo
530 381 772 419 defensurum
807 395 861 420 se.
905 383 1069 420 Martem
1102 396 1341 421 communem
1374 397 1457 421 esse
1487 391 1524 421 et
1552 396 1666 420 even-

252 459 332 489 tum
362 453 546 488 incertum
578 452 679 491 belli.

363 521 552 559 Omnibus
606 523 823 560 civitatibus
870 523 1032 561 Graeciae
1089 525 1215 572 adque
1267 524 1373 561 Asiae
1423 536 1524 560 curae
1573 528 1668 569 erat,

251 592 341 641 quid
373 592 504 628 Persei
535 593 672 641 legati,
712 594 802 642 quid
828 595 1017 630 Eumenes
1050 594 1086 630 in
1120 602 1252 629 senatu
1285 593 1441 641 egissem
1482 601 1519 629 et
1551 606 1668 642 prop-

249 668 309 699 ter
355 663 560 698 adventum
610 663 709 706 eius,
759 676 869 711 quem
925 672 1113 700 moturum
1163 663 1305 710 aliquid
1352 665 1547 707 rebantur,
1595 664 1669 700 mi-

251 739 381 768 serant
414 732 605 779 pleraeque
641 733 815 769 civitates
853 734 929 769 alia
964 734 999 769 in
1037 734 1200 782 speciem
1234 732 1478 781 praeferentes
1508 733 1669 781 legatos.

251 802 285 838 E
314 802 450 849 legatis
471 803 706 839 Rhodiorum
739 811 821 840 erat
849 804 1124 840 Athanodorus
1160 804 1359 851 princeps,
1389 802 1491 838 haud
1519 803 1670 848 dubius,

252 872 341 920 quin
374 872 567 908 Eumenes
597 872 762 909 civitatis
794 886 948 921 quoque
977 886 1055 910 suae
1085 875 1350 910 insectationem
1381 872 1512 909 Persei
1544 872 1669 908 erimi-

254 942 366 978 nibus
396 942 594 978 iunxisset.
654 943 792 991 Itaque
828 945 929 980 omni
963 945 1076 980 modo
1107 957 1176 992 per
1208 950 1392 991 patronos
1423 943 1670 990 hospitesque

251 1012 488 1059 disceptandi
527 1023 610 1047 cum
645 1024 735 1060 rege
765 1013 889 1049 locum
933 1014 969 1049 in
1001 1022 1134 1049 senatu
1168 1013 1376 1060 quaerebat.
1438 1011 1551 1057 Quod
1584 1023 1669 1047 cum

249 1095 319 1118 non
348 1081 581 1129 contigisset,
613 1081 787 1118 libertate
820 1083 1088 1131 intemperanti
1119 1083 1291 1119 invectus
1321 1083 1358 1118 in
1389 1093 1533 1129 regem,
1565 1079 1670 1128 quod

250 1153 457 1201 Lyciorum
511 1159 660 1199 gentem
708 1153 892 1189 adversus
945 1154 1116 1190 Rhodios
1157 1153 1385 1188 concitasset
1438 1150 1672 1199 graviorque

251 1222 358 1260 Asiae
382 1228 493 1264 esset,
520 1234 634 1269 quam
657 1223 871 1259 Antiochus
895 1222 1039 1261 fuisset,
1062 1223 1313 1271 popularibus
1336 1221 1486 1269 quidem
1519 1227 1671 1268 gratam

253 1293 357 1341 (nam
391 1305 436 1328 eo
468 1304 622 1339 quoqne
651 1291 726 1327 iam
767 1292 880 1328 favor
911 1293 1042 1329 Persei
1077 1291 1252 1340 venerat)
1285 1291 1496 1328 orationem
1526 1288 1672 1333 habuit,

252 1369 417 1399 ceterum
449 1361 611 1398 invisam
645 1362 792 1398 senatui
822 1362 1070 1410 inutilemque
1100 1363 1171 1398 sibi
1213 1369 1249 1398 et
1278 1361 1424 1398 civitati
1455 1372 1543 1397 suae.
1593 1359 1672 1395 Eu-

253 1433 354 1470 meni
390 1445 484 1468 vero
526 1432 760 1479 conspiratio
802 1433 986 1468 adversus
1025 1445 1109 1468 eum
1141 1430 1314 1467 favorem
1351 1437 1443 1479 aput
1473 1431 1671 1466 Romanos

254 1502 356 1541 fecit.
418 1503 479 1539 Ita
518 1514 650 1538 omnes
688 1503 721 1538 ei
765 1503 929 1538 honores
967 1502 1089 1538 habiti
1139 1503 1338 1549 donaque,
1377 1512 1461 1548 quae
1492 1499 1671 1546 cuiquam

255 1572 504 1621 amplissimaq
537 1572 627 1607 data
659 1584 742 1607 cum
775 1572 869 1608 sella
899 1573 1018 1609 curuli
1050 1573 1175 1619 adque
1207 1572 1374 1607 eburneo
1405 1570 1586 1618 scipione.
1641 1614 1644 1615 ⁷

368 1642 644 1690 Legationibus
689 1641 873 1685 dimissis..
920 1655 1004 1679 cum
1051 1641 1268 1690 Harpalus,
1313 1647 1458 1688 quanta
1503 1639 1673 1675 maxima

255 1712 449 1749 celeritate
490 1719 663 1760 poterat,
702 1724 898 1760 regressus
936 1712 972 1747 in
1004 1711 1296 1755 Macedoniam,
1338 1710 1550 1746 nuntiasset
1577 1708 1672 1757 regi,
1728 1749 1731 1755 Α

255 1783 423 1819 nondum
463 1782 615 1830 quidem
655 1790 836 1830 parantes
874 1781 1013 1817 bellum
1054 1781 1252 1828 reliquisse
1283 1793 1324 1815 se
1353 1781 1574 1824 Romanos,
1604 1777 1672 1815 sed
1728 1818 1732 1827 ⁴

254 1853 310 1890 ita
338 1852 511 1897 infestos,
541 1860 582 1888 ut
606 1851 720 1889 facile
749 1858 964 1900 appareret,
996 1863 1072 1887 non
1097 1851 1295 1895 dilaturos,
1325 1856 1362 1886 et
1391 1849 1485 1898 ipse,
1515 1856 1671 1898 praeter-

255 2031 288 2069 4,
319 2037 331 2063 1
363 2042 499 2063 causam
535 2031 591 2062 uel
625 2041 761 2062 causam
790 2031 869 2062 belli
900 2030 1066 2071 (Caperat
1091 2030 1240 2061 librarius
1263 2029 1396 2060 scribere
1423 2029 1518 2066 uclli3
1545 2027 1616 2059 dein
1639 2038 1672 2059 se

257 2091 418 2126 corre-rit.)
442 2093 446 2131 Ι
470 2090 563 2131 quari
608 2093 626 2120 2
647 2088 732 2123 sorte
755 2089 760 2127 1
783 2099 986 2119 conmunem
1027 2088 1058 2125 5,
1077 2092 1088 2118 1
1108 2087 1265 2117 omnibus
1281 2087 1466 2117 ciuitatium
1491 2086 1495 2125 ξ
1519 2089 1674 2116 cumen-at
1729 2115 1731 2118 ,

257 2151 277 2178 4
303 2147 511 2188 praeferentis
575 2146 606 2184 6,
638 2150 650 2177 1
681 2153 713 2177 et
738 2147 862 2185 legatio
885 2149 889 2186 1
913 2152 984 2176 erat
1006 2145 1068 2176 hac
1088 2144 1281 2175 falsaiturus
1298 2144 1454 2184 princeps
1504 2142 1576 2184 My.
1597 2141 1669 2174 Em.

258 2215 324 2246 514
351 2214 465 2256 (Gr-yn.
493 2215 537 2245 Et
561 2215 688 2254 legatio
720 2215 830 2245 Rhod.
867 2220 937 2244 erat
971 2224 1010 2244 ac
1043 2213 1182 2254 Satyrus
1207 2213 1377 2254 prinecps)
1400 2213 1405 2252 1
1427 2211 1549 2242 dubius
1572 2221 1671 2252 quem

259 2275 278 2302 2
307 2272 452 2302 ciuitatis
485 2282 618 2312 quoque
652 2283 712 2303 sua
737 2271 844 2312 persei
867 2270 938 2312 My.
967 2270 1086 2312 (Gr-yn.
1116 2271 1283 2301 civitatem
1313 2279 1448 2311 quoquc
1474 2269 1587 2306 suam)
1637 2267 1669 2306 7,

258 2335 277 2363 2
301 2333 333 2362 in
349 2339 485 2362 senatus
506 2333 669 2372 querebat
713 2332 745 2367 8.
768 2336 777 2363 1
800 2332 1087 2375 cumficontigissct
1102 2330 1191 2361 Dede.
1230 2334 1248 2361 2
1274 2330 1551 2370 intemperantius
1571 2327 1669 2360 Gron.

259 2392 279 2420 4
316 2389 496 2420 anthiocus
554 2389 592 2426 9,
631 2393 642 2420 l
684 2390 881 2430 popularem
917 2390 1051 2430 quidcm
1080 2388 1215 2429 quidem
1241 2389 1406 2427 ingratam
1433 2386 1567 2427 populis
1593 2395 1670 2417 nam

258 2445 331 2487 My.
347 2446 419 2477 Em.
436 2446 502 2477 514
529 2445 646 2487 (Gryn.
666 2448 861 2487 popularem
880 2447 1013 2487 quidem
1033 2456 1071 2476 ac
1087 2452 1216 2484 gratam
1237 2445 1370 2486 populis
1386 2445 1477 2475 Asiae
1496 2448 1589 2483 (nam
1607 2442 1669 2484 —)

257 2514 312 2549 10,
328 2519 347 2545 3
368 2499 468 2545 fecito
490 2515 495 2554 l
517 2515 671 2555 donaque
694 2516 849 2556 cuiquam
873 2514 944 2556 My.
981 2514 1102 2556 (Gryn.
1131 2515 1287 2554 donaque
1315 2523 1415 2554 quam
1442 2510 1670 2553 amplissima)

255 2571 336 2608 XV,
363 2572 394 2609 1,
432 2575 445 2602 1
478 2581 567 2612 quan
593 2573 707 2603 oxima
733 2572 879 2604 „Muretus
904 2571 1021 2614 (Gryn.
1050 2577 1175 2613 quanta
1201 2572 1340 2609 eximia)
1387 2574 1406 2602 3
1432 2570 1583 2611 parantis
1635 2568 1667 2607 2,

261 2632 275 2660 l
305 2630 385 2670 ipsae
