1742 2902
490 161 592 193 Liber
616 161 707 192 XLI.
760 162 820 201 (A.
850 161 928 193 Chr.
962 162 1054 201 178.)
1408 166 1425 198 7

737 248 757 262 Χ

78 286 190 322 etiarn
222 284 430 332 usurpandi
461 297 600 327 causa,
639 298 686 321 ne
716 298 785 333 pro
823 286 937 321 dubio
968 286 1155 329 habeant,
1197 284 1288 320 nihil
1320 284 1416 319 inter
1446 296 1486 320 se

78 362 113 390 et
144 362 300 402 argento
333 363 469 401 parata
501 355 690 403 mancipia
727 355 917 391 interesse.
972 355 1102 390 Motus
1136 355 1193 390 his
1232 362 1386 390 senatus
1426 354 1485 389 lit-

78 430 178 460 teras
211 424 336 471 Lyviis
368 424 414 459 ad
449 424 619 460 Rhodios
650 424 773 466 (ledit,
812 437 880 460 nec
922 425 1058 472 Lycios
1089 424 1249 460 Rhodiis
1290 436 1358 460 nec
1390 423 1486 459 ullos

78 493 140 530 alii
171 493 370 540 cuiquam.¹
413 494 475 541 qui
506 495 583 530 nati
616 494 723 530 liberi
754 494 850 534 sint,
893 494 929 529 in
960 494 1180 529 servitutem
1210 494 1291 530 dari
1324 493 1485 541 placere.

77 563 216 612 Lycios
247 563 300 598 ita
330 564 399 599 sub
433 564 667 600 Rhodiorum
700 564 811 599 simul
843 564 1001 611 imperio
1033 571 1066 599 et
1098 564 1217 599 tutela
1247 576 1349 607 esse,
1380 570 1421 598 ut
1450 562 1486 597 in

78 633 225 668 dicione
256 633 385 680 populi
421 634 584 670 Romani
617 634 789 669 civitates
823 634 936 669 sorim
967 634 1052 669 sint.

187 703 389 750 Triumphi
429 703 564 739 deinde
603 716 649 739 ex
686 703 875 751 Hispania
913 704 988 739 (luo
1026 703 1193 739 continui
1232 702 1316 738 acti.
1372 701 1488 738 Prior

77 772 326 820 Sempronius
361 773 562 809 Gracchus
602 773 649 808 de
680 771 880 808 Celtiberis
918 773 1107 820 sociisque
1139 785 1291 814 eorum,
1332 778 1486 819 postero

77 841 138 877 die
167 843 208 879 L.
242 842 463 878 Postumius
502 842 549 877 de
581 841 773 878 Lusitanis
814 842 974 890 aliisque
1017 842 1183 878 eiusdem
1218 840 1385 889 regionis
1418 839 1487 875 Hi-

76 912 208 960 spanis
261 911 521 959 triumphavit.
614 911 689 947 XL
747 911 850 947 milia
905 912 1033 960 pondo
1093 911 1240 959 argenti
1286 909 1487 947 Graes-hus

76 981 286 1025 transtulit,
345 982 425 1017 XX
482 981 585 1016 inilia
632 981 808 1017 Albinus.
886 982 1073 1018 Militibus
1121 980 1298 1017 denarios
1351 978 1487 1026 quinos

76 1052 243 1094 vicenos,
277 1051 418 1099 duplex
443 1050 666 1094 centurioni.
689 1051 826 1099 triplex
854 1052 970 1099 equiti
993 1053 1107 1088 ambo
1127 1051 1350 1092 diviserunt,
1376 1047 1488 1083 sociis

76 1121 313 1165 tantundem,
336 1129 518 1168 quantum
543 1121 739 1157 Romanis.
777 1122 853 1158 Per
874 1122 1025 1157 eosdem
1050 1122 1148 1158 forte
1169 1121 1250 1156 dies
1274 1120 1327 1155 M.
1357 1118 1488 1154 Iunius

76 1191 206 1228 consul
238 1204 284 1227 ex
316 1191 464 1227 Histria
496 1191 735 1227 comitiorum
768 1203 885 1227 causa
916 1193 1079 1228 Romam
1112 1191 1227 1228 venit.
1271 1189 1370 1225 Eum
1402 1200 1486 1222 cum

74 1259 112 1296 in
144 1268 277 1296 senatu
317 1260 544 1308 fatigassent
583 1260 947 1309 interrogationibus
986 1261 1126 1297 tribuni
1157 1260 1278 1308 plebis
1308 1257 1489 1305 Papirius

76 1337 113 1366 et
144 1330 311 1366 Livinius
344 1330 390 1365 de
423 1330 480 1373 iis,
513 1343 596 1378 quae
627 1330 663 1366 in
698 1331 845 1367 Histria.
884 1339 1010 1367 essent
1051 1339 1157 1373 acta,
1197 1330 1234 1365 in
1272 1328 1487 1363 contionem

76 1412 230 1448 qnoque
260 1400 535 1448 produxerunt.
604 1401 668 1437 Ad
701 1413 785 1448 quae
815 1413 898 1436 cuin
932 1400 1085 1445 consul,
1115 1411 1156 1436 se
1186 1400 1265 1436 dies
1298 1411 1372 1434 non
1404 1396 1489 1445 plus

75 1470 138 1506 XI
185 1470 221 1505 in
267 1482 312 1505 ea
358 1470 557 1518 provincia
600 1470 739 1515 fuisse,
791 1471 1057 1518 responderet:
1113 1482 1197 1517 quae
1249 1481 1289 1504 se
1332 1467 1490 1502 absente

75 1547 162 1575 aeta
187 1547 323 1580 esseut.
343 1552 384 1576 se
403 1552 569 1588 quoque,
587 1548 626 1576 ut
649 1540 746 1583 illos.
769 1540 874 1576 fama
899 1547 1094 1588 comperta
1127 1540 1269 1575 habere
1284 1564 1293 1580 ,
1323 1548 1487 1583 exeque-

75 1610 216 1646 bantur
245 1610 380 1646 deinde
412 1619 636 1658 quaerentes,
669 1610 759 1658 quid
790 1610 843 1646 ita
874 1623 948 1645 non
980 1610 1107 1658 potius
1136 1611 1188 1647 A.
1211 1607 1379 1645 Manlius
1411 1608 1489 1642 Ro-

76 1692 176 1716 mam
207 1680 395 1723 venisset,
437 1688 476 1716 ut
506 1681 692 1716 rationein
724 1680 901 1716 redderet
934 1680 1076 1728 populo
1110 1681 1310 1716 Romano.
1345 1690 1412 1713 cur
1441 1688 1489 1712 ex

76 1748 207 1786 Gallia
237 1749 456 1797 provincia,
497 1763 611 1798 quam
644 1751 801 1786 sortitus
832 1758 943 1794 esset,
973 1750 1010 1785 in
1042 1749 1228 1785 Histriam
1261 1746 1489 1784 transisset?

77 1818 230 1866 quando
271 1819 307 1854 id
340 1819 477 1856 bellum
510 1828 664 1857 senatus
695 1820 938 1864 decrevisset,
970 1820 1125 1868 quando
1152 1819 1316 1867 populus
1344 1819 1487 1854 Roma-

75 1900 146 1924 nus
175 1888 373 1925 iussisset?
431 1892 507 1934 At,
548 1890 720 1933 hercule,
766 1890 918 1938 privato
959 1890 1110 1937 quidem
1150 1889 1308 1925 consilio
1348 1887 1487 1923 bellum

76 1967 292 2006 susceptum
315 1971 410 2002 esse.
431 1959 495 1995 sed
518 1967 665 2007 gestum
695 1959 901 2007 prudenter
921 1958 1157 2006 fortiterque.
1203 1959 1340 2001 Immo,
1363 1964 1485 1992 utrum

76 2036 291 2077 susceptum
324 2029 372 2064 sit.
404 2029 565 2076 nequius
595 2042 642 2064 an
673 2028 922 2064 inconsultius
951 2036 1119 2076 gestum,
1157 2028 1230 2063 dici
1261 2040 1335 2063 non
1364 2039 1488 2075 posse.

78 2097 270 2135 Stationes
300 2098 395 2134 (luas
425 2098 698 2146 necopinantes
737 2099 786 2134 ab
817 2098 958 2134 Histris
991 2110 1214 2146 oppressas,
1253 2105 1380 2133 castra
1411 2098 1488 2133 Ro-

78 2179 192 2204 mana
222 2176 356 2216 capta;
398 2168 500 2214 quod
541 2168 731 2215 peditum,
773 2168 875 2216 quod
915 2167 1082 2214 equitum
1121 2167 1158 2202 in
1197 2167 1331 2203 eastris
1361 2166 1487 2209 fuerit..

78 2248 226 2281 coesum3
280 2245 427 2273 ceteros
478 2236 641 2273 inernies
692 2237 934 2285 effusosque,
979 2243 1067 2271 ante
1113 2248 1245 2272 omnes
1291 2236 1484 2272 consulem

77 2305 215 2353 ipsum,
245 2307 295 2342 ad
326 2320 432 2343 mare
463 2319 508 2343 ac
537 2319 656 2342 naves
685 2306 842 2354 fugisse.
910 2306 1109 2343 Privatum
1143 2305 1331 2342 rationem
1361 2306 1486 2342 reddi-

77 2379 202 2411 turum
233 2388 363 2412 earum
395 2389 521 2412 rerum
554 2388 649 2421 esse,
680 2376 861 2424 quoniam
893 2375 1026 2411 consul
1052 2375 1248 2413 noluisset.

78 2551 132 2588 11,
159 2556 178 2582 3
207 2553 408 2592 alicuiquam
437 2553 614 2585 Heraldus.
655 2554 736 2591 VII,
763 2554 795 2590 2.
823 2558 842 2584 3
870 2555 999 2594 argenti
1030 2555 1067 2586 T.
1098 2555 1284 2586 Gracchus.
1306 2554 1378 2596 My.
1419 2553 1486 2589 5‚3

78 2608 120 2638 de
145 2609 196 2640 his
223 2609 356 2651 Kreyss.
413 2610 446 2647 8,
477 2615 488 2642 l
521 2612 746 2645 decreuisset.
788 2612 924 2650 quando
968 2612 1000 2642 id
1041 2612 1168 2642 bellum
1200 2612 1346 2653 populus
1386 2610 1485 2643 Gron.

78 2663 111 2703 9,
137 2669 157 2696 4
191 2665 299 2698 suerit.
346 2674 483 2699 caeteros
512 2666 684 2699 Creverius.
736 2668 790 2706 10,
822 2672 834 2698 t
864 2668 1027 2709 fusosque
1053 2669 1251 2701 Perizonius.

1522 351 1565 384 tl

1523 565 1568 600 12

1521 2237 1567 2271 10
