1742 2902
459 111 563 142 Liber
587 110 679 142 XLI.
731 111 792 150 (A.
823 109 900 140 Chr.
933 111 1026 146 176.)
1343 111 1387 144 15

32 235 99 272 luti
132 241 252 277 metu,
304 234 401 270 clam
437 234 605 270 exercitu
643 233 798 272 indicio,
843 245 912 281 per
941 241 1180 268 transversos
1215 229 1353 265 limites
1383 241 1445 264 su-

35 305 176 354 peratis
207 304 422 348 montibus,
452 305 490 340 in
521 315 680 351 campos
711 302 893 349 degressi,
925 314 1058 349 agrum
1091 300 1344 336 Mutinensem
1378 311 1446 346 po-

34 374 173 423 pulati,
218 373 414 421 repentino
458 374 601 421 impetu
651 371 840 407 coloniam
883 372 1004 419 ipsam
1037 377 1228 419 ceperunt.
1306 368 1352 404 ld
1383 367 1448 404 ubi
1480 365 1501 399 3

34 444 197 480 Romam
232 443 401 478 adlatum
440 450 522 486 est,
564 448 719 477 senatus
750 440 794 479 C.
826 439 1029 477 Claudium
1069 439 1261 476 consulem
1295 437 1450 474 comitia

35 512 158 561 primo
203 524 355 559 quoque
401 519 572 560 tempore
617 512 759 547 habere
804 511 925 554 iussit,
970 510 1183 557 creatisque
1226 509 1264 544 in
1309 519 1449 543 annum

36 581 322 627 magistratibus
361 582 397 617 in
442 581 678 629 provinciam
720 580 844 616 redire
884 588 919 615 et
957 579 1146 615 coloniam
1189 591 1234 614 ex
1278 577 1451 613 hostibus

36 650 195 698 eripere.
261 650 342 689 lta.
385 651 437 687 uti
477 652 620 687 censuit
655 660 830 694 senatus,
875 650 1029 686 coniitia
1059 649 1202 684 habita.
1265 646 1451 684 Consules
1483 652 1505 685 4

35 719 152 756 creati
197 717 266 755 Cn.
298 719 498 756 Cornelius
540 721 671 769 Scipio
716 719 920 768 Hispalus,
965 720 1011 766 Q.
1052 719 1210 755 Petilius
1252 717 1453 765 Spurinus.

36 789 228 826 Praetores
266 789 352 825 inde
392 789 484 825 fat-ti
524 790 576 825 M.
608 790 782 837 Popilius
816 790 970 832 Laenas,
1004 789 1048 824 P.
1082 787 1246 823 Licinius
1277 785 1454 829 Crassus,
1487 790 1507 824 5

37 858 91 895 M.
125 857 325 895 Cornelius
357 859 500 907 Scipio,
535 860 577 897 L.
610 860 790 907 Papirius
822 859 947 899 Maso,
978 859 1030 894 M.
1048 857 1233 901 Aburius,
1265 855 1455 903 L.Aqui-

37 928 110 965 lius
142 928 291 966 Gallus.
355 927 399 965 C.
433 927 596 965 Claudio
627 929 771 965 consuli
803 936 1052 977 prorogatum
1095 927 1134 962 in
1165 938 1304 962 annum
1335 925 1455 972 impe·
1488 930 1510 965 6

37 998 133 1034 rium
167 1007 203 1035 et
235 998 366 1035 Gallia
397 999 616 1047 provincia3
647 1007 681 1035 et
712 1011 758 1034 ne
789 999 910 1034 Histri
941 999 1054 1040 itleni,
1086 997 1188 1044 quod
1223 1004 1259 1031 et
1284 995 1457 1041 Ligures,

38 1067 231 1111 facerent,
277 1069 402 1104 socios
447 1069 613 1117 nominis
653 1068 781 1104 Latini
826 1069 862 1103 in
896 1069 1081 1104 Histriam
1127 1067 1314 1107 mitteret,
1360 1074 1457 1110 quos

39 1138 219 1185 triumphi
256 1150 374 1173 eausa
413 1138 460 1173 de
492 1138 691 1186 provincia
728 1138 962 1174 deduxisset.
1026 1136 1096 1174 Cn.
1124 1134 1303 1172 Cornelio
1342 1141 1380 1168 et
1410 1132 1457 1179 Q.
1492 1137 1510 1170 7

38 1207 178 1244 Petilio
208 1208 438 1250 consulibus,
470 1221 546 1255 quo
579 1209 639 1244 die
669 1208 934 1254 magistratum
966 1207 1143 1250 inierunt,
1167 1203 1455 1241 immolantibus
1476 1200 1568 1277 211
1582 1203 1698 1236 ο.578.

38 1277 125 1314 10νί
154 1277 312 1325 singulis
345 1277 487 1322 bubus,
532 1278 586 1313 uti
619 1277 738 1322 solet,
777 1278 812 1313 in
848 1291 890 1314 ea
922 1278 1071 1322 hostia,
1104 1288 1179 1323 qua
1213 1274 1260 1320 Q.
1295 1273 1455 1310 Petilius
1513 1247 1700 1281 .bhr.176.

40 1346 293 1391 sacrificavit,
333 1347 371 1383 in
402 1348 567 1384 iot-inere
598 1357 714 1395 caput
744 1360 820 1382 non
851 1347 1058 1382 inventurn.
1125 1345 1170 1380 Id
1201 1356 1285 1379 curn
1317 1343 1366 1379 ad
1399 1354 1459 1378 se-

43 1424 173 1451 natum
206 1417 423 1461 rettulisset,
459 1419 558 1453 bove
592 1418 771 1466 pei-litare
800 1418 935 1453 iussus.
996 1417 1057 1452 De
1087 1414 1293 1463 provinciis
1323 1413 1460 1449 deinde
1492 1415 1514 1451 8

43 1485 238 1521 consultus
268 1496 423 1522 senatus
455 1488 566 1523 Pisas
607 1497 642 1523 et
680 1488 839 1535 Ligures
880 1486 1097 1535 provincias
1135 1484 1354 1520 consulibus
1396 1482 1460 1517 de-

44 1555 176 1591 crevit.
258 1554 329 1591 Cui
373 1557 472 1593 l'isae
517 1557 716 1604 provincia
761 1558 992 1599 obvenisset,
1037 1567 1121 1591 cum
1167 1554 1460 1602 magistratuum
1492 1556 1514 1591 9

45 1625 298 1662 creandorum
331 1635 480 1674 tenipus
510 1636 621 1669 esset,
652 1628 701 1663 ad
732 1627 887 1663 comitia
916 1625 1056 1661 reverti
1085 1624 1206 1661 iussit.
1273 1622 1461 1659 Additum
1498 1627 1543 1661 10

46 1694 212 1739 decreto,
243 1703 283 1732 ut
313 1696 422 1732 binas
452 1696 621 1744 legiones
639 1710 760 1732 novas
784 1697 993 1733 scriberent
1025 1704 1061 1731 et
1091 1703 1263 1730 trecenos
1294 1692 1462 1740 equites;

47 1773 84 1801 et
113 1767 211 1802 dena
253 1765 356 1801 mitia
397 1767 565 1814 peditum
603 1767 717 1803 sociis
759 1767 980 1814 nominique
1011 1766 1151 1801 Latino
1197 1772 1234 1800 et
1277 1775 1463 1798 sexcenos

47 1834 280 1883 imperarent
310 1836 468 1882 equites.
536 1837 598 1875 Ti,
629 1836 793 1873 Claudio
825 1845 1076 1884 prorogatum
1108 1843 1164 1870 est
1194 1833 1396 1882 imperium
1424 1832 1464 1867 in
1500 1838 1541 1872 11

48 1903 86 1940 id
119 1914 280 1953 tenipus,
310 1918 386 1953 quo
418 1906 454 1942 in
489 1907 725 1954 provinciam
757 1906 890 1941 consul
920 1906 1098 1941 venisset.

161 1975 262 2010 Dum
311 1975 358 2011 de
410 1976 468 2012 his
513 1978 627 2012 rebus
675 1978 711 2012 in
754 1986 889 2012 senatu
935 1976 1082 2023 agitur,
1133 1973 1202 2011 Cn.
1251 1973 1466 2017 Cornelius,
1526 1971 1576 2017 15

52 2053 233 2080 evocatus
265 2057 288 2080 a
321 2045 481 2090 viatore,
530 2059 614 2083 cum
660 2047 802 2095 templo
849 2058 1024 2094 egressus
1055 2052 1175 2089 esset,
1216 2043 1332 2092 paulo
1379 2049 1468 2090 post

54 2172 73 2199 2
100 2175 305 2201 transiersos
331 2170 435 2211 (prius
461 2182 475 2202 s
500 2183 600 2212 supra
626 2170 784 2207 additum)
804 2188 805 2212 χ
824 2171 946 2201 milites
988 2174 1007 2201 3
1035 2169 1175 2209 digressi
1224 2168 1256 2204 3,
1284 2172 1302 2198 2
1329 2174 1389 2204 est,
1417 2174 1465 2200 δῦ.

55 2227 225 2258 clau-lium
282 2232 301 2259 3
328 2229 443 2259 haberi
467 2230 472 2268 Ι
495 2230 692 2270 creatisquae
741 2234 758 2259 4
786 2229 958 2269 provincia
994 2231 1010 2258 5
1041 2226 1171 2268 Ix'reyss.
1200 2227 1348 2267 recipere
1386 2224 1420 2261 4,
1452 2228 1465 2255 l

56 2297 166 2326 censis
198 2304 347 2328 senatus.
408 2296 522 2328 Fuitne
563 2297 764 2328 censuerat?
828 2300 846 2326 2
890 2306 953 2337 que
986 2296 1121 2336 petilius
1154 2297 1333 2336 spuriunus
1389 2293 1421 2331 6,
1449 2298 1467 2324 2

56 2351 150 2384 histri
179 2355 312 2394 quidem
341 2353 472 2396 Kreyss.
510 2354 630 2396 (Gryn.
654 2364 788 2395 quoque
806 2354 911 2389 idem)
934 2354 939 2394 Ι
963 2352 1078 2384 Malim
1106 2352 1195 2394 quod
1215 2353 1358 2392 Ligures
1390 2351 1421 2387 7.
1448 2355 1468 2382 3

58 2419 130 2450 quae
144 2421 175 2451 q.
215 2420 233 2442 4
253 2412 457 2442 sacrificabit
479 2415 484 2450 ι
511 2412 610 2454 Gryn.
638 2413 785 2443 iocinore
811 2412 843 2445 8.
870 2415 889 2442 2
919 2412 1109 2441 consultum
1131 2410 1137 2450 Ι
1160 2412 1248 2452 ipsas
1277 2411 1317 2441 ed
1343 2411 1470 2450 ligures

57 2465 91 2505 9,
122 2471 133 2499 t
163 2469 233 2509 pise
255 2470 260 2509 Ι
283 2471 515 2509 magistratum
582 2470 636 2505 10,
665 2475 682 2501 2
709 2471 843 2500 uiuinas
865 2472 870 2506 1
893 2476 963 2501 οὓς.
1014 2467 1177 2508 (Creverio
1200 2468 1359 2509 placebat:
1387 2469 1471 2499 scri-

60 2523 197 2564 berent,
240 2526 342 2567 quina
366 2526 459 2557 milia
485 2528 518 2557 in
543 2527 697 2567 singulus
724 2535 757 2558 et
779 2527 928 2557 ducenos
954 2527 1105 2568 pedites,
1146 2527 1316 2566 trecenos)
1367 2530 1387 2556 :3
1415 2527 1469 2558 de.

1049 2574 1078 2595 te

61 2615 116 2655 11,
145 2621 159 2648 1
188 2628 217 2649 c.
245 2618 378 2649 claudio
426 2619 507 2656 XV,
535 2619 566 2656 1,
598 2623 611 2650 l
638 2620 679 2650 iis
703 2619 802 2650 rebus
828 2626 949 2650 senatu
998 2623 1016 2650 2
1044 2606 1176 2660 {amplo
