1753 2934
480 140 581 170 Liber
606 139 714 170 XLV.
782 141 842 176 (Α.
872 137 952 169 Chr.
984 140 1076 177 167.)
1357 139 1434 174 253

81 274 164 299 eum
197 261 318 297 omnis
348 262 511 310 generis,
542 262 605 310 qui
636 262 819 298 ludicram
843 268 962 297 artem
985 260 1189 304 faciebant,
1217 272 1263 295 ex
1290 264 1370 295 toto
1399 260 1490 296 orbe

81 338 265 368 terrarum
310 332 509 367 multitudo
547 338 583 367 et
621 332 850 368 athletarum
891 337 926 366 et
966 330 1148 365 nobilium
1181 342 1364 377 equorum
1397 341 1489 365 con-

80 402 195 445 venit,
237 408 274 437 et,
315 401 525 449 legationes
565 414 648 437 cum
691 400 853 437 victimis
896 407 932 435 et
971 400 1150 447 quicquid
1193 399 1295 435 aliud
1332 399 1488 435 deorum

79 471 351 518 hominumque
391 483 508 507 causa
547 471 626 507 fieri
669 471 816 519 magnis
852 470 951 506 ludis
985 470 1022 505 in
1061 469 1214 505 Graecia
1253 469 1361 504 solet.
1430 469 1490 504 Ita

77 540 218 577 factum
252 548 320 584 est,
346 548 386 576 ut
416 553 490 576 non
523 541 843 589 magnificentiam
874 546 1042 581 tantum,
1084 538 1148 573 sed
1181 538 1420 586 prudentiam
1453 538 1490 574 in

79 611 214 646 dandis
247 610 485 658 spectaculis,
519 611 567 646 ad
597 624 679 658 quae
709 611 822 647 rudes
854 617 932 645 tum
967 608 1131 645 Romani
1162 615 1289 650 erant,
1321 609 1490 644 admira-

77 687 219 718 rentur.
288 680 422 728 Epulae
464 693 617 728 quoque
658 681 913 729 legationibus
952 687 1098 727 paratae
1141 685 1176 713 et
1217 678 1412 726 opulentia
1450 684 1486 714 et

77 761 169 786 eura
200 750 346 787 eadem.
407 750 534 799 Vulgo
566 752 705 787 dictum
738 751 856 799 ipsius
888 750 1082 791 ferebant,
1115 755 1151 783 et
1183 747 1399 784 convivium
1432 748 1487 783 in-

77 825 222 855 struere
252 827 288 855 et
318 819 428 855 ludos
459 833 598 868 parare
628 821 795 856 eiusdem
828 832 922 863 esse,
955 819 1017 866 qui
1050 819 1200 854 vincere
1234 817 1332 853 bello
1364 817 1487 853 sciret.

189 889 303 925 Edito
341 890 485 926 ludicro
535 891 656 926 omnis
690 890 839 938 generis
881 889 1100 937 clupeisque
1142 888 1249 923 aereis
1290 888 1327 923 in
1370 900 1487 924 naves

75 959 270 1007 inpositis,
312 967 438 996 cetera
476 961 598 996 omnis
637 959 786 1008 generis
817 971 946 1003 arma,
990 957 1185 993 cumulata
1221 959 1256 992 in
1296 957 1486 1005 ingentem

76 1041 275 1075 acervum,
316 1037 494 1078 precatus
525 1031 710 1073 Martem,
749 1029 962 1064 Minervam
1011 1028 1210 1074 Luamque
1254 1036 1413 1063 matrem
1453 1034 1490 1063 et

76 1107 221 1135 ceteros
253 1100 359 1146 deos,
389 1101 525 1147 quibus
557 1100 681 1148 spolia
711 1100 875 1135 hostium
908 1097 1036 1133 dicare
1062 1097 1119 1133 ius
1141 1096 1278 1144 fasque
1308 1103 1376 1141 est,
1406 1098 1488 1145 ipse

74 1168 286 1217 imperator
314 1169 400 1205 face
429 1169 582 1205 subdita
611 1169 825 1212 succendit3
862 1168 997 1204 deinde
1028 1168 1316 1204 circumstantes
1347 1168 1487 1203 tribuni

75 1238 232 1273 militum
265 1251 335 1286 pro
366 1251 407 1275 se
438 1240 599 1287 quisque
631 1239 738 1287 ignes
769 1239 1022 1274 coniecerunt.
1088 1238 1237 1274 Notata
1268 1244 1324 1273 est
1353 1238 1390 1273 in
1421 1238 1485 1273 illo

75 1315 261 1343 conventu
291 1309 459 1357 Europae
491 1309 691 1357 Asiaeque,
732 1309 897 1356 undique
927 1308 1066 1356 partim
1099 1308 1147 1343 ad
1177 1308 1486 1355 gratulationem,

73 1377 211 1425 partim
244 1378 291 1413 ad
323 1379 581 1426 spectaculum
614 1386 811 1415 contracta
842 1378 1099 1422 multitudine,
1140 1377 1256 1412 tantis
1284 1377 1486 1414 navalibus

75 1447 395 1496 terrestribusque
425 1450 666 1494 exercitibus7
698 1462 743 1485 ea
769 1449 881 1497 copia
912 1461 1052 1492 rerum,
1083 1461 1128 1483 ea
1158 1447 1284 1483 vilitas
1316 1460 1488 1491 annonae,

75 1522 115 1552 ut
153 1523 188 1552 et
227 1518 387 1565 privatis
430 1526 466 1554 et
504 1519 722 1555 civitatibus
761 1525 798 1555 et
838 1519 1013 1566 gentibus
1052 1518 1154 1553 dona
1184 1518 1275 1553 data
1305 1518 1488 1565 pleraque

76 1585 155 1621 eius
185 1587 334 1634 generis
365 1588 439 1624 sint
470 1589 517 1624 ab
548 1589 792 1636 imperatorQ
823 1601 899 1623 non
921 1588 958 1623 in
981 1600 1088 1623 usum
1112 1587 1226 1623 modo
1249 1596 1486 1635 praesentem,

74 1656 140 1691 sed
183 1656 297 1692 etiam
338 1670 422 1704 quae
467 1658 604 1694 domos
648 1659 865 1694 aveherent.
928 1657 1158 1705 spectaculo
1194 1656 1266 1692 fuit
1307 1657 1358 1702 ei,
1405 1670 1489 1705 quae

73 1731 253 1769 venerat,
283 1727 404 1762 turbae
434 1741 509 1763 non
539 1729 740 1764 seaenicum
772 1728 894 1776 magis
924 1727 1133 1772 ludicrum,
1171 1740 1248 1763 non
1279 1728 1490 1764 certamina

73 1792 268 1830 hominurn
316 1804 381 1833 aut
425 1798 613 1834 curricula
657 1811 863 1845 equorum,
908 1810 1023 1845 quam
1067 1797 1198 1845 praeda
1234 1798 1487 1834 Macedonica

74 1864 209 1908 omnis,
240 1870 281 1900 ut
310 1866 508 1911 viseretur,
539 1868 728 1914 exposita,
759 1875 971 1903 statuarum
1004 1867 1299 1914 tabularumque
1320 1873 1353 1903 et
1375 1868 1488 1903 texti-

72 1932 163 1969 lium
195 1941 230 1969 et
260 1947 441 1972 vasorum
473 1949 521 1972 ex
552 1950 646 1973 auro
677 1944 713 1973 et
735 1944 895 1985 argento
927 1944 964 1973 et
993 1950 1067 1973 aere
1097 1943 1134 1973 et
1159 1937 1274 1972 ebore
1294 1936 1485 1972 factorum

72 2002 215 2050 ingenti
245 2016 338 2040 eura
367 2006 405 2042 in
439 2019 484 2042 ea
514 2007 633 2054 regia,
665 2014 705 2042 ut
734 2020 810 2042 non
841 2007 880 2042 in
909 2014 1131 2055 praesentem
1166 2006 1279 2042 modo
1306 2006 1483 2054 speciem,

73 2073 250 2119 qualibus
286 2075 428 2112 refert-a
468 2077 575 2124 regia
611 2076 869 2113 Alexandreae
916 2084 1019 2121 erat,
1064 2076 1130 2112 sed
1175 2076 1212 2111 in
1260 2083 1485 2123 perpetuum

71 2155 181 2178 usum
214 2144 360 2181 fierent.
428 2146 541 2191 Haee‚
579 2146 617 2182 in
656 2147 816 2183 classem
846 2146 1025 2195 inposita,
1066 2145 1289 2181 devehenda
1319 2145 1484 2181 Romam

73 2211 142 2250 Cn.
174 2212 338 2250 Octavio
377 2214 480 2251 data.

71 2322 103 2360 9,
118 2327 137 2354 3
154 2329 315 2355 terrarum
331 2326 440 2356 omnis
453 2324 635 2355 multitudo
649 2323 652 2365 Ι
665 2333 836 2364 aequorum
886 2327 905 2354 4
920 2323 1074 2354 uectimis
1124 2326 1141 2353 5
1157 2322 1233 2354 fleri
1271 2322 1326 2360 10,
1342 2326 1361 2353 3
1377 2324 1486 2363 adque

70 2381 163 2412 rudis
188 2391 263 2412 cum
313 2382 368 2420 11,
387 2386 400 2413 l
430 2383 546 2423 aepulae
567 2383 572 2422 1
595 2382 776 2423 opulentiae
801 2391 883 2412 eura
908 2381 1027 2411 eodem
1066 2383 1084 2410 3
1111 2380 1254 2411 scierent
1315 2379 1484 2417 XXXIII,

71 2439 133 2473 1.2
149 2441 312 2481 inpositos
349 2440 381 2480 2,
401 2444 413 2470 l
433 2441 789 2478 cumulataingentem
805 2438 894 2478 (Em.
916 2437 982 2469 614
995 2441 1043 2478 n.)
1071 2443 1088 2469 2
1104 2446 1269 2479 praecatus
1282 2438 1286 2473 l
1300 2440 1484 2479 lunamque

78 2496 239 2528 Turnebus
300 2502 319 2529 3
345 2499 416 2539 ipse
441 2499 520 2539 imp.
548 2498 624 2538 (sic)
685 2496 718 2533 4,
749 2501 768 2527 3
797 2496 885 2536 quod
913 2497 1031 2528 domos
1057 2496 1130 2538 My.
1157 2496 1230 2528 Em.
1263 2496 1330 2527 613
1404 2496 1436 2533 5,
1465 2500 1483 2527 2

71 2553 194 2586 Duker.
235 2561 440 2587 convenerat:
530 2559 551 2586 4
589 2555 848 2594 tabularumque
886 2554 1040 2584 extilium
1079 2553 1150 2595 My.
1198 2555 1316 2596 (Gr-yn.
1351 2554 1484 2584 tabula-

71 2621 211 2652 rumque
238 2613 418 2652 textilium)
483 2616 500 2643 6
527 2614 621 2653 regio
679 2611 710 2648 6,
740 2615 754 2641 1
788 2611 822 2641 in
847 2611 1006 2651 praesenti
1043 2609 1250 2643 Scribendum
1275 2611 1417 2643 videtur.-
1449 2615 1487 2641 ut

71 2677 144 2708 quae
169 2678 237 2700 non
261 2670 295 2700 in
319 2679 368 2710 pr.
428 2669 459 2708 7,
478 2674 491 2701 1
522 2669 754 2703 deuchendam
805 2671 823 2698 2
849 2668 961 2700 datam

1527 471 1538 505 l

1521 681 1534 715 1

1519 1520 1542 1554 4

1521 1661 1542 1695 5

1549 471 1570 505 Ο

1552 682 1563 715 l

1546 885 1597 929 33
