1742 2902
176 243 196 277 7

286 125 308 158 4
652 118 757 150 Liber
780 117 874 151 XLI.
924 118 984 158 (A.
1012 127 1044 148 u.
1072 127 1100 149 c.
1129 118 1222 158 576).

229 242 326 279 dites
355 253 482 278 secum
514 241 552 276 in
583 252 701 288 equos
727 240 874 276 tollant.
924 241 1133 289 Egregiam
1162 240 1324 288 gloriam
1354 240 1516 289 legionis
1545 241 1641 288 fore,

229 312 261 348 si
292 319 439 354 castra,
482 315 584 346 metu
625 309 930 346 secundanorum
963 310 1125 355 amissa,
1165 322 1236 346 sua
1272 310 1411 346 virtute
1436 311 1641 359 recipiant3

230 388 267 418 et
297 380 413 428 recipi
446 378 558 421 facile
589 391 692 424 esse,
730 379 761 415 si
791 380 828 416 in
858 381 988 428 praeda
1021 380 1198 428 occupati
1231 379 1385 416 barbari
1412 380 1540 417 subito
1573 393 1642 430 op-

230 451 462 499 primantur;
493 448 590 484 sicut
620 448 801 496 ceperint,
831 462 945 498 posse
977 451 1074 498 capi.
1125 449 1285 488 Summa
1315 450 1474 486 militum
1507 450 1643 487 alacri-

229 526 309 557 tate
338 518 556 554 adhortatio
597 519 728 555 audita
770 526 845 564 est;
888 520 1015 556 ferunt
1043 520 1148 556 citati
1178 521 1301 568 signa,
1332 532 1402 556 nec
1436 519 1643 568 signiferos

231 589 369 626 armati
400 595 610 624 morantur.
663 589 819 625 Priores
849 597 977 626 tamen
999 589 1130 626 consul
1155 590 1362 638 copiixeque,
1395 602 1478 638 quae
1501 603 1524 626 a
1545 591 1642 628 mari

229 659 522 702 reducebantur,
554 658 601 693 ad
634 658 775 694 vallum
809 665 1062 697 accesserunt.
1135 659 1181 698 L.
1212 659 1340 702 Atius,
1362 660 1536 696 tribunus
1566 660 1643 708 pri-

229 741 314 766 mus
335 728 511 765 secundae
531 727 704 775 legionis,
726 741 802 764 uon
824 730 1052 765 hortabatur
1075 728 1188 764 modo
1212 729 1361 774 milites,
1391 730 1458 766 sed
1481 730 1646 767 docebat.

230 799 358 842 etiam,
389 798 420 834 si
450 798 613 834 victores
645 798 781 843 Histri,
812 799 949 846 quibus
980 799 1095 834 armis
1123 798 1312 847 cepissent
1342 805 1481 843 eastra,
1510 800 1644 836 iisdem

230 875 345 916 capta
365 867 528 904 retinere
548 868 584 904 in
608 868 735 904 animo
757 869 952 911 haberent,
976 868 1139 916 primurn
1163 877 1317 905 exutum
1341 869 1476 906 castris
1497 869 1645 906 hostem

231 938 279 974 ad
311 950 416 973 mare
446 946 712 985 persecuturos
743 937 880 982 fuisse,
919 938 1053 974 deinde
1086 939 1272 974 stationes
1303 944 1404 975 certe
1443 950 1512 986 pro
1542 938 1645 975 vallo

230 1007 451 1051 habituros;
482 1008 571 1044 vino
603 1020 815 1056 somnoque
844 1008 925 1043 veri
955 1008 1077 1044 simile
1112 1020 1194 1044 esse
1226 1020 1371 1045 mersos
1403 1008 1540 1045 iacere.

343 1077 422 1115 Sub
462 1077 542 1113 haec
573 1079 623 1114 A.
658 1077 940 1119 Baeculonium,
988 1077 1209 1126 signiferum
1245 1090 1378 1122 suum,
1423 1085 1523 1115 notae
1567 1077 1647 1115 for-

232 1147 403 1184 titudinis
430 1147 574 1190 virum,
614 1145 755 1182 inferre
788 1147 937 1196 signum
968 1148 1088 1184 iussit.
1150 1148 1241 1192 Ille,
1271 1148 1420 1195 signum
1453 1149 1484 1184 si
1511 1160 1647 1196 seque-

231 1224 374 1262 rentur,
407 1229 482 1264 quo
515 1216 674 1253 celerius
706 1218 834 1260 fieret,
875 1216 1065 1254 facturum
1098 1218 1213 1263 dixit3
1255 1219 1531 1266 connixusque,
1561 1230 1647 1255 cum

231 1294 338 1324 trans
363 1287 504 1323 vallum
528 1286 677 1334 siguum
701 1286 922 1330 traiecisset,
944 1287 1089 1335 primus
1111 1289 1279 1324 omnium
1303 1295 1453 1336 portam
1477 1288 1647 1325 intravit.

233 1358 284 1394 Et
314 1365 423 1406 parte
454 1357 531 1393 alia
561 1357 609 1393 T.
643 1362 679 1392 et
709 1354 752 1392 C.
785 1356 905 1400 AElii,
949 1357 1089 1393 tribuni
1128 1358 1288 1394 militum
1320 1359 1439 1394 tertiae
1475 1358 1649 1406 legionis,

233 1439 317 1464 cum
357 1428 529 1476 equitatu
570 1426 788 1463 adveniunt.
861 1425 1074 1464 Confestim
1106 1433 1164 1472 et,
1205 1440 1300 1476 quos
1331 1428 1442 1464 binos
1472 1427 1651 1464 oneraria

231 1498 269 1535 in
310 1498 479 1534 iumenta
518 1498 804 1545 imposuerant,
834 1497 976 1542 secuti,
1019 1504 1055 1533 et
1091 1497 1224 1534 consul
1255 1510 1338 1534 cum
1373 1504 1454 1534 toto
1485 1497 1648 1545 agmine.

233 1570 289 1606 At
313 1569 532 1605 Histrorum
565 1567 690 1616 pauci,
722 1567 785 1614 qui
818 1567 966 1603 modice
995 1568 1085 1603 vino
1110 1567 1166 1603 usi
1198 1572 1317 1612 erant,
1350 1579 1537 1604 memores
1567 1565 1650 1603 fue-

232 1645 320 1677 runt
349 1638 469 1687 fugae;
510 1637 594 1674 aliis
633 1649 768 1673 somno
814 1648 915 1672 mors
954 1637 1176 1672 continuata
1208 1643 1282 1680 est-3
1322 1637 1550 1684 integraque
1579 1646 1650 1671 sua

234 1709 363 1746 omnia
388 1708 567 1751 Rotnani,
596 1714 850 1755 praeterquam
880 1706 983 1753 quod
1007 1707 1084 1742 vini
1106 1697 1256 1754 cibique
1278 1706 1521 1754 absumptum
1555 1710 1649 1749 erat,

233 1784 470 1827 receperunt.
532 1778 646 1825 AEgri
673 1789 826 1824 quoque
851 1776 999 1818 milites,
1032 1776 1096 1823 qui
1118 1776 1156 1812 in
1184 1776 1319 1812 castris
1338 1775 1458 1812 relicti
1485 1774 1649 1820 fuerant,

235 1855 442 1897 postquam
473 1847 574 1883 intra
604 1847 746 1883 vallum
777 1858 867 1882 suos
897 1852 1116 1892 senserunt,
1160 1846 1275 1882 armis
1315 1845 1478 1893 arreptis
1507 1834 1649 1881 caedem

234 1919 425 1967 ingentem
458 1917 640 1954 fecerunt.
697 1918 815 1953 ·Ante
845 1927 977 1952 omnes
1007 1915 1165 1963 insignis
1196 1928 1315 1963 opera
1344 1915 1416 1951 suit
1446 1913 1490 1952 (⁹.
1523 1914 1650 1962 Popili

234 1988 394 2037 equitis;
424 1987 580 2024 Sabello
608 1999 820 2034 cognomen
839 1992 933 2024 erat.
980 1986 1031 2027 Is,
1057 1986 1155 2034 pede
1178 1985 1308 2021 saucio
1339 1985 1505 2028 relictus,
1535 1984 1650 2033 longe

233 2059 417 2108 plurimos
450 2058 616 2094 hostium
649 2056 798 2093 occidit.
849 2057 913 2092 Ad
939 2063 1025 2092 octo
1060 2056 1163 2092 milia
1185 2056 1403 2091 Histrorum
1426 2060 1513 2090 sunt
1538 2065 1650 2099 caesa,

234 2137 368 2177 captus
400 2141 532 2172 nemo,
575 2127 665 2175 quia
696 2127 755 2163 ira
797 2132 832 2163 et
864 2126 1076 2174 indignatio
1108 2125 1349 2161 immemores
1379 2124 1517 2172 praedae
1547 2123 1648 2160 fecit.

234 2200 319 2236 Rex
349 2205 476 2234 tamen
508 2198 727 2234 Histrorum
760 2197 986 2232 temulentus
1026 2208 1073 2232 ex
1104 2195 1303 2238 convivio,
1343 2194 1482 2242 raptim
1518 2206 1541 2230 a
1571 2193 1649 2230 suis

234 2268 273 2304 in
305 2280 442 2315 equum
473 2268 686 2316 impositus,
718 2266 826 2315 sugit.
873 2267 934 2303 Ex
963 2265 1173 2302 victoribus
1199 2263 1481 2301 CCXXXVII
1511 2263 1648 2299 milites

236 2337 441 2386 perierunt,
471 2337 598 2384 plures
628 2338 665 2373 in
698 2337 886 2373 matutina
916 2335 1008 2384 fuga
1036 2347 1149 2383 quam
1181 2334 1218 2370 in
1246 2332 1471 2381 recipiendis
1500 2331 1647 2369 castris.

235 2526 297 2563 IV,
324 2526 356 2563 2,
382 2530 394 2557 l
425 2525 504 2563 Ille,
532 2525 558 2555 si
585 2534 686 2555 unum
714 2535 747 2557 se
774 2534 903 2566 sequor.
940 2523 1114 2554 Iac-obsim.
1156 2523 1187 2561 3,
1215 2527 1234 2554 3
1272 2521 1374 2554 Verba
1399 2526 1432 2552 et
1458 2520 1578 2552 consul
1604 2542 1610 2550 .
1640 2542 1647 2550 .

236 2585 370 2625 agmine
397 2589 546 2623 corrupta
572 2582 714 2613 videntur
741 2583 791 2623 (et
818 2583 956 2613 relicum
983 2581 1149 2622 agmeu?)
1204 2580 1237 2618 4,
1268 2583 1281 2610 l
1313 2579 1423 2610 vinosi
1451 2581 1545 2609 crant
1575 2575 1648 2618 My.

239 2643 242 2681 ἶ
271 2641 406 2674 fuerant
433 2640 577 2672 Medius.
