1742 2902
467 135 567 166 Liber
593 134 702 166 XLII.
755 135 816 171 (A.
848 135 924 166 Chr.
959 135 1051 172 172.)
1364 137 1410 172 59

767 231 787 247 Χ

55 259 212 295 vitutem
243 257 428 301 venisset,
467 265 509 293 ut
546 258 693 294 iuratus
723 264 877 294 senatus
908 259 1148 301 decerneret,
1180 257 1243 305 qui
1274 269 1357 293 eam
1388 269 1467 293 rem

57 333 240 375 quaereret
284 327 694 375 animadverteretque.
769 328 830 363 Ex
869 328 1097 363 auctoritate
1138 327 1274 363 deinde
1315 333 1469 362 senatus

56 408 139 433 eam
191 396 430 444 rogationem
482 397 785 444 promulgarunt.
862 397 1092 443 Priusquam
1139 397 1470 443 proficiscerentur

55 465 249 510 consules,
283 464 326 502 C.
357 465 540 510 Cicereio,
570 469 724 514 proetori
751 466 889 514 prioris
928 466 1029 510 anni,
1070 466 1117 501 ad
1150 466 1268 502 aedem
1302 466 1470 502 Bellnnae

55 542 209 572 senatus
240 535 352 571 datus
383 542 451 574 est.
496 537 548 580 Is,
580 537 777 585 expositis,
810 548 905 584 quas
935 537 971 571 in
998 534 1157 572 Corsica
1187 549 1246 572 res
1277 537 1468 584 gessisset,

55 604 326 653 postulatoque
355 605 498 642 frustra
526 606 733 653 triumpho,
764 606 800 641 in
834 613 961 641 monte
991 605 1159 648 Albano,
1193 606 1293 653 quod
1325 606 1398 641 iam
1433 606 1468 641 in

56 685 199 710 morem
229 682 387 711 venerat
417 682 457 711 ut
486 676 567 712 sine
598 676 751 724 publiea
785 676 1013 711 auctoritate
1046 676 1164 718 fieret,
1207 675 1469 723 triumphavit.

56 743 310 790 Rogationem
353 745 541 781 Marciam
584 745 631 781 de
672 746 876 793 Liguribus
919 757 1059 793 magno
1109 756 1294 781 consensu
1341 744 1471 792 plebes

57 813 166 849 scivit
195 814 392 862 iussitque.
452 815 513 850 Ex
545 827 589 850 eo
621 814 820 862 plebiscito
852 815 893 852 C.
915 815 1082 851 Licinius
1114 824 1254 862 praetor
1283 813 1473 849 consuluit

57 888 252 928 senatum,
299 896 411 931 quem
455 896 623 932 quaerere
661 896 707 919 ea
746 884 949 932 rogatione
986 885 1109 921 vellet.
1177 884 1316 919 Patres
1347 883 1471 930 ipsum

58 964 141 988 eum
178 965 347 1000 quaerere
377 954 579 993 iusserunt.

169 1022 269 1058 Tum
299 1023 450 1059 demum
482 1023 656 1060 eonsules
686 1023 723 1059 in
755 1024 990 1072 provinciam
1022 1022 1182 1070 profecti
1209 1029 1297 1058 sunt
1328 1021 1471 1057 exerei-

56 1096 215 1138 tumque
246 1104 269 1127 a
299 1092 351 1127 M.
384 1092 538 1140 Popilio
571 1101 812 1141 acceperunt.
884 1094 1023 1139 Neque
1052 1099 1180 1126 tamen
1212 1091 1265 1126 M.
1298 1091 1472 1138 Popilius

57 1161 198 1198 reverti
231 1162 394 1198 Romam
436 1162 622 1207 audebat,
662 1175 709 1198 ne
749 1175 905 1199 causam
946 1161 1088 1196 diceret
1130 1161 1292 1196 adverso
1326 1169 1473 1204 senatu,

58 1229 254 1267 infestiore
274 1230 430 1279 populo,
462 1237 555 1278 aput
576 1238 791 1279 praetorem,
823 1232 885 1280 qui
914 1233 960 1267 de
985 1231 1192 1278 quaestione
1217 1231 1254 1266 in
1279 1243 1319 1266 se
1349 1231 1475 1278 posita

59 1305 232 1336 senatum
271 1300 534 1336 consuluisset.
610 1301 712 1337 Huic
751 1301 1014 1338 detrectationi
1055 1301 1135 1337 eius
1177 1300 1318 1336 tribuni
1353 1300 1474 1348 plebis

60 1369 215 1406 alterius
244 1369 455 1417 rogationis
486 1370 772 1406 denuntiatione
803 1378 1072 1414 occurrerunt,
1113 1377 1175 1413 ut,
1219 1371 1250 1406 si
1280 1383 1355 1405 non
1389 1378 1476 1406 ante

59 1439 144 1476 idus
183 1440 426 1476 Novembres
465 1440 503 1475 in
545 1440 675 1475 urbem
712 1441 876 1476 Romam
916 1439 1129 1484 introisset,
1167 1439 1213 1474 de
1243 1440 1401 1475 absente
1430 1452 1475 1475 eo

60 1506 102 1546 C.
136 1508 304 1545 Licinius
343 1515 528 1545 statueret
569 1522 614 1545 ae
652 1509 850 1546 iudicaret.
912 1510 1000 1545 Hoc
1031 1516 1174 1544 tractus
1208 1508 1358 1543 vinculo
1390 1520 1474 1544 cum

58 1578 230 1623 redisset,
260 1578 405 1626 ingenti
435 1591 518 1615 cum
552 1579 697 1615 invidia
726 1579 764 1614 in
795 1586 968 1615 senatum
1001 1578 1116 1615 venit.
1172 1578 1231 1613 Ibi
1263 1589 1346 1613 cum
1376 1577 1475 1613 lace-

59 1654 164 1685 ratus
190 1647 322 1696 iurgiis
344 1648 547 1685 multorum
580 1655 692 1693 esset,
723 1656 878 1685 senatus
902 1648 1116 1684 consultum
1147 1647 1290 1683 factum
1322 1654 1391 1691 est,
1425 1653 1477 1690 ut,

61 1718 125 1766 qui
159 1718 341 1765 Ligurum
381 1727 468 1767 post
505 1720 549 1767 Q.
582 1719 782 1764 Fulvium,
828 1720 873 1755 L.
904 1718 1091 1755 Manlium
1135 1717 1310 1753 eonsules
1348 1717 1476 1751 hostes

61 1800 137 1824 non
167 1788 340 1832 fuissent,
370 1794 413 1823 ut
441 1799 506 1823 eos
528 1787 572 1825 C.
595 1788 776 1831 Licinius,
807 1786 876 1824 Cn.
900 1787 1063 1824 Sicinius
1085 1794 1268 1835 praetores
1296 1787 1333 1822 in
1364 1786 1477 1821 liber-

61 1864 175 1894 tatem
208 1857 463 1893 restituendos
493 1865 682 1903 curarent,
714 1869 927 1906 agrumque
956 1857 1002 1892 iis
1032 1864 1136 1892 trans
1165 1857 1312 1892 Padum
1346 1855 1478 1892 consul

63 1926 104 1966 C.
122 1928 298 1976 Popilius
319 1927 439 1963 daret.
496 1927 622 1963 Multa
650 1927 755 1962 milia
788 1927 984 1962 hominum
1020 1927 1092 1962 hoe
1123 1935 1278 1962 senatus
1300 1926 1474 1962 consulto

61 1997 236 2034 restituta
265 1997 303 2033 in
340 1997 576 2041 libertatem,
618 1998 927 2045 transductisque
956 1996 1107 2032 Padum
1139 2008 1232 2044 ager
1261 2004 1317 2031 est
1348 1995 1476 2043 adsig-

62 2074 186 2106 natus,
254 2067 308 2105 M.
339 2067 514 2115 Popilius
554 2067 755 2115 rogatione
798 2067 948 2103 Marcia
986 2066 1043 2101 bis
1082 2072 1174 2113 aput
1212 2064 1255 2101 C.
1288 2064 1477 2102 Licinium

63 2147 217 2173 eausam
248 2137 361 2181 dixit3
392 2137 503 2173 tertio
534 2144 686 2185 praetor,
716 2136 843 2185 gratia
877 2135 1043 2172 consulis
1067 2134 1234 2170 absentis
1257 2141 1294 2170 et
1315 2134 1478 2182 Popiliae

66 2283 84 2311 6
107 2281 365 2321 promulgarent
405 2279 436 2317 6,
464 2283 483 2310 2
511 2289 538 2310 e.
567 2280 707 2310 eicereio
734 2280 855 2320 prioris
903 2283 920 2309 3
948 2280 1046 2309 datus
1072 2278 1156 2308 extis
1183 2277 1344 2317 expositis
1399 2276 1430 2313 7,
1458 2280 1476 2307 2

65 2336 306 2378 frustriumpho
357 2341 375 2368 3
403 2336 595 2368 triumfauit
652 2337 684 2374 8,
707 2341 718 2368 l
750 2336 1005 2377 plebissciuitati
1024 2336 1132 2366 iussiti
1153 2344 1215 2375 que
1267 2339 1284 2364 2
1301 2344 1328 2365 c.
1346 2334 1478 2365 licinius

65 2406 295 2446 proconsuluit
338 2409 357 2436 3
373 2407 415 2442 (et
428 2404 462 2445 4)
481 2415 618 2446 querere
641 2406 645 2444 Ι
668 2415 711 2436 ex
725 2406 900 2444 rogatione
920 2403 1086 2435 Drakenb.
1114 2408 1134 2434 4
1149 2404 1318 2434 iusserant
1363 2402 1478 2440 XXII,

66 2461 98 2500 1,
123 2465 142 2493 2
169 2468 329 2503 ceperunt
358 2461 457 2494 Gron.
503 2461 535 2499 2,
554 2466 573 2493 2
599 2463 739 2493 reuserti
790 2466 809 2493 3
837 2463 984 2503 positam
1009 2460 1118 2492 Drak.
1143 2459 1279 2491 malebat
1304 2459 1479 2500 proposita

66 2529 98 2568 3,
124 2533 138 2561 1
166 2531 367 2562 detractioni
417 2535 435 2562 2
463 2531 631 2570 rogationi
666 2513 712 2568 ⁴5,
742 2534 760 2561 3
787 2535 966 2571 postquam
992 2530 1131 2560 fluuium
1184 2532 1201 2560 5
1230 2537 1418 2568 agrumque
1448 2528 1477 2558 is

66 2585 98 2624 6,
113 2591 132 2617 2
157 2597 239 2627 ager
254 2594 287 2619 et
304 2588 501 2628 adsignatus
543 2587 574 2625 7,
604 2592 618 2619 l
656 2589 867 2628 rogationem
882 2597 926 2618 m.
945 2588 1036 2619 arcia
1050 2587 1101 2618 uis
1142 2591 1161 2618 2
1189 2586 1329 2627 popillio
1343 2584 1479 2616 familiae

65 2644 229 2684 praecibus
253 2645 504 2676 uictulaudibus
529 2645 647 2676 martis

1530 1015 1583 1060 22
