1742 2902
462 122 564 153 Liber
589 121 679 153 XLI.
733 122 795 160 (A.
824 120 903 152 Chr.
936 121 1030 162 174.)
1342 124 1391 159 35

43 247 92 282 ab
132 245 211 281 aede
243 244 403 280 Veneris
442 243 623 281 fecerunt.
693 231 813 280 Iidem
845 244 1004 281 Calatiae
1043 253 1079 281 et
1122 243 1283 282 Auximi
1322 254 1450 279 muros

44 314 239 352 faciendos
270 313 512 358 locaverunt,
554 313 793 361 venditisque
822 312 873 349 ibi
904 312 1064 360 publicis
1093 312 1204 356 locis,
1234 311 1449 360 pecuniam,

45 395 128 432 quae
157 383 313 419 redacta
344 389 437 427 erat,
468 384 635 420 tabernis
659 382 808 430 utrique
833 382 917 418 foro
943 381 1222 418 circumdandis
1246 392 1448 428 consump-

45 458 186 490 serunt.
232 451 283 487 Et
311 452 406 488 alter
435 465 482 488 ex
512 452 557 488 iis
590 452 748 488 Fulvius
778 452 940 489 Flaccus
970 452 1071 497 (nam
1105 450 1326 487 Postumius
1356 449 1449 486 nihil

44 521 114 558 nisi
137 527 290 557 senatus
307 520 470 557 Romani
497 520 676 568 populive
701 521 804 557 iussu
828 533 868 557 se
893 521 1106 557 locaturum
1128 520 1256 567 edixit)
1280 520 1448 568 ipsorum

45 591 206 640 pecunia
227 591 331 627 Iovis
353 590 471 626 aedem
493 591 658 635 Pisauri,
680 597 717 626 et
738 591 883 627 Fundis
905 597 941 626 et
963 590 1149 626 Potentiae
1172 590 1285 626 etiam
1309 601 1448 637 aquam

46 660 320 704 adducendam,
355 668 390 696 et
421 646 585 696 Pisauri*
604 662 704 696 viam
737 660 840 697 silice
869 659 1130 704 sternendam,
1161 665 1198 695 et
1229 659 1449 696 Sinuessam

47 742 116 766 aea
147 757 372 765 .........
405 730 576 773 aviariae;
623 730 659 766 in
690 730 748 766 his
785 738 821 765 et
845 731 903 766 clo
936 757 1164 766 .........
1196 741 1258 764 um
1290 728 1450 764 circum-

46 799 192 834 ducend
223 826 476 834 ..........
519 806 555 835 et
591 799 715 835 forum
756 799 965 847 porticibus
995 799 1239 846 tabernisque
1269 797 1451 833 clauden-

46 868 134 904 dum
189 875 225 904 et
263 868 372 903 ianos
418 874 494 904 tres
538 868 746 904 faciendos.
824 869 919 905 Haec
960 869 1009 904 ab
1040 880 1115 904 uno
1147 880 1303 903 censore
1334 878 1453 914 opera

45 937 172 974 locata
201 950 285 974 cum
317 949 456 985 magna
483 938 608 986 gratia
639 939 874 975 colonorum.
933 937 1109 974 Moribus
1137 948 1291 984 quoque
1319 946 1452 983 regen—

46 1007 104 1043 dis
135 1007 294 1055 diligens
327 1013 364 1043 et
393 1019 528 1044 severa
556 1019 716 1044 censura
745 1006 828 1045 fuit.
890 1007 1022 1043 Multis
1056 1006 1144 1054 equi
1176 1005 1358 1053 adempti.

185 1076 300 1113 Exitu
332 1089 451 1124 prope
486 1076 575 1111 anni
607 1076 706 1112 diem
753 1088 867 1112 unum
912 1076 1140 1124 supplicatio
1184 1074 1256 1111 fuit
1301 1075 1350 1110 ob
1394 1085 1455 1110 res

48 1158 230 1195 prospere
266 1152 394 1194 gestas
442 1146 479 1181 in
517 1145 708 1193 Hispania
752 1145 866 1181 ductu
917 1145 1164 1194 auspicioque
1196 1146 1275 1193 Ap.
1317 1143 1456 1180 Claudi

47 1215 298 1264 proconsulis,
330 1221 367 1251 et
392 1215 601 1251 maioribus
632 1214 766 1250 hostiis
791 1215 876 1251 XX
899 1214 1168 1253 sacrificatum.
1213 1215 1265 1251 Et
1295 1214 1456 1250 alterum

47 1285 146 1321 diem
177 1284 406 1333 supplicatio
437 1285 486 1321 ad
516 1284 690 1328 Cereris,
721 1284 851 1320 Liberi
887 1284 1111 1331 Liberaeque
1148 1283 1238 1329 fuit,
1276 1283 1380 1331 quod
1410 1296 1458 1319 ex

50 1354 202 1391 Sabinis
248 1362 358 1389 terrae
399 1360 525 1389 motus
565 1354 699 1401 ingens
743 1365 828 1389 eum
875 1354 1002 1389 multis
1049 1353 1292 1390 aedificiorum
1340 1352 1458 1388 ruinis

47 1424 242 1461 nuntiatus
272 1428 365 1459 erat.
425 1421 522 1458 Cum
553 1424 632 1470 Ap.
663 1420 846 1458 Claudius
879 1434 927 1458 ex
955 1422 1146 1470 Hispania
1174 1423 1338 1459 Romam
1368 1422 1457 1458 red-

48 1493 157 1537 isset,
205 1492 373 1528 decrevit
413 1500 587 1537 senatus,
623 1499 664 1528 ut
702 1504 823 1528 ovans
854 1493 984 1528 urbem
1015 1492 1138 1527 iniret.
1207 1492 1290 1528 Iam
1322 1503 1458 1527 consu-

48 1562 145 1598 laria
185 1561 340 1598 comitia
383 1562 632 1609 adpetebant3
674 1562 811 1610 quibus
861 1574 1003 1610 magna
1035 1562 1275 1598 contentione
1318 1560 1459 1596 habitis

49 1638 206 1680 propter
236 1630 510 1668 multitudinem
543 1632 773 1680 petentium,
818 1632 934 1669 creati
964 1632 1010 1670 L.
1041 1631 1263 1669 Postumius
1293 1630 1458 1667 Albinus

50 1708 87 1737 et
114 1702 170 1739 M.
202 1700 374 1749 Popilius
405 1701 554 1738 Laenas.
603 1702 792 1738 Praetores
824 1702 912 1738 inde
941 1701 1034 1738 facti
1063 1702 1114 1740 N.
1147 1701 1291 1738 Fabius
1322 1701 1459 1746 Buteo,

51 1771 107 1809 M.
137 1770 351 1816 Matienus,
395 1768 437 1808 C.
469 1769 683 1817 Cicereius,
721 1772 775 1809 Μ.
808 1771 949 1808 Furius
980 1770 1180 1819 Crassipes
1209 1771 1367 1815 iterum,
1407 1771 1458 1809 A.

51 1840 194 1877 Atilius
224 1839 412 1876 Serranus
441 1840 591 1887 iterum,
623 1840 666 1878 C.
699 1839 858 1877 Cluvius
889 1829 1036 1879 Saxula
1065 1841 1215 1877 iterum.
1286 1839 1460 1876 Comitiis

53 1908 250 1958 perfectiS,
293 1911 370 1957 Ap.
413 1909 596 1946 Claudius
634 1910 755 1947 Cento
808 1923 856 1947 ex
893 1909 1092 1947 Celtiberis
1133 1921 1254 1945 ovans
1300 1921 1384 1945 cum
1422 1908 1461 1944 in

54 2015 108 2053 10,
138 2019 150 2046 l
180 2016 267 2046 idem
291 2016 296 2055 Ι
319 2016 424 2046 oximi
449 2015 544 2058 szh.
589 2021 607 2047 2
631 2016 775 2058 pecunia
823 2020 842 2046 3
870 2017 1010 2046 reducta
1058 2016 1112 2053 11,
1141 2018 1155 2045 1
1188 2015 1306 2045 exaliis
1338 2014 1461 2045 fluuius

54 2072 168 2104 saccus
192 2083 292 2113 supra
316 2083 336 2103 a
361 2073 475 2114 scripto
501 2074 511 2104 l
535 2074 538 2113 Ι
561 2074 762 2115 positumius
824 2077 842 2103 2
876 2073 1035 2114 populibe
1059 2074 1063 2112 Ι
1084 2073 1271 2103 locaturum
1310 2072 1462 2113 ipsarum

56 2128 172 2171 (Gryn.
199 2129 380 2170 ipsorum);
407 2129 552 2161 lacunam
580 2130 703 2172 explevi
721 2132 795 2172 sere
820 2136 853 2161 ut
878 2129 988 2170 Siyon.
1017 2129 1178 2169 (dicebat)
1229 2133 1248 2159 3
1274 2139 1318 2169 po
1338 2153 1345 2159 .
1365 2130 1463 2160 entiae

55 2185 173 2228 (Gryn.
189 2187 383 2227 Pollentiae)
400 2186 511 2228 Siyon.
555 2193 574 2218 4
601 2189 753 2219 adducen
774 2198 846 2218 .am
866 2195 867 2199 ’
885 2188 1010 2218 silicem
1037 2193 1104 2218 ster
1137 2210 1241 2217 .....
1258 2196 1310 2217 am
1360 2186 1415 2222 12,
1443 2190 1462 2217 2

58 2249 91 2274 et
114 2243 222 2274 forum
256 2251 287 2274 et
317 2245 467 2284 porticus
541 2249 559 2275 3
595 2245 822 2275 etiamnostris
902 2244 956 2283 13,
985 2249 1003 2275 3
1037 2244 1134 2275 multi
1228 2244 1397 2280 XXVIII,
1432 2244 1464 2283 1,

59 2315 77 2342 2
98 2318 208 2351 gestas
233 2293 254 2352 p
280 2313 313 2342 in
335 2313 340 2352 Ι
363 2312 556 2353 aputclaudi
594 2316 613 2343 3
628 2313 733 2344 hostis
774 2312 805 2349 2,
822 2316 840 2342 2
857 2312 1035 2352 suplicatio
1058 2313 1063 2353 Ι
1084 2313 1254 2353 libereque
1285 2317 1304 2344 3
1320 2320 1406 2344 terre
1444 2318 1464 2344 4

58 2380 246 2410 nuntiatum
295 2379 326 2417 3,
347 2384 357 2410 l
379 2365 534 2411 redissett
578 2381 611 2419 4,
627 2385 646 2411 3
661 2381 877 2411 multitudine
898 2382 902 2419 Ι
924 2391 956 2421 p.
972 2382 1160 2421 postumius
1204 2382 1465 2423 41aenasesprae-

0 2457 1 2463 ¹
59 2452 147 2478 tores
212 2447 245 2485 5,
276 2452 289 2478 1
318 2458 369 2478 cn.
397 2447 509 2480 fabius
537 2448 647 2490 Sz‘yon.
699 2453 717 2480 2
750 2460 777 2480 c.
815 2449 980 2479 matienus
1012 2459 1057 2480 sc.
1091 2451 1250 2482 cicereius
1285 2451 1324 2481 cl.
1360 2450 1465 2484 furius

60 2513 269 2545 crassuspars
332 2509 352 2536 3
379 2516 407 2536 c.
435 2529 442 2536 .
459 2529 466 2536 .
483 2507 582 2537 ..ius
615 2507 733 2537 sestula
767 2505 895 2548 (solima
916 2512 1085 2546 pertusum,
1117 2507 1214 2550 Gryn.
1243 2508 1348 2538 omnia
1367 2507 1466 2549 plena

60 2559 126 2592 dat.
184 2560 224 2592 In
252 2568 344 2602 parte
376 2573 491 2593 aversa
521 2564 704 2604 subscriptio
739 2570 767 2594 et
795 2575 874 2604 pars
909 2574 1012 2594 vacua
1046 2565 1105 2604 est)
1143 2564 1174 2602 6,
1214 2568 1227 2595 l
1257 2566 1465 2606 comitisper-

62 2627 78 2660 f
88 2652 194 2661 .....
210 2640 225 2661 s
250 2640 292 2670 ap

1161 2690 1200 2721 3·

1487 247 1531 279 lO

1486 451 1524 485 11

1490 871 1534 905 13

1513 1073 1567 1118 28

1488 1219 1508 1253 [Ο
