1796 2929
207 466 252 500 to

206 605 245 639 11

204 877 249 913 12

203 948 248 983 13

170 1221 220 1266 15

351 138 421 172 164
690 134 792 165 Liber
815 133 942 165 XLIV.
983 134 1045 174 (A.
1073 144 1104 165 u.
1134 144 1161 165 c.
1187 135 1281 175 585.)

287 267 371 292 eum
402 267 479 303 pax
510 255 607 290 inter
636 255 873 292 Macedonas
906 257 1181 304 Romanosque
1210 263 1329 302 esset,
1377 257 1447 293 sibi
1487 257 1691 295 amicitiam

286 336 368 361 cum
404 335 494 371 rege
525 324 669 359 Perseo
701 333 888 373 eoeptam3
938 337 1022 361 eam
1055 337 1096 362 se
1125 326 1287 368 invitos,
1327 326 1431 362 nullo
1471 326 1552 362 eius
1584 327 1620 362 in
1652 340 1693 364 se

285 393 433 434 merito,
465 391 645 438 quoniam
678 393 731 428 ita
762 394 947 430 Romanis
978 395 1102 431 visum
1134 396 1181 431 sit
1211 396 1247 431 in
1279 395 1500 430 societatem
1535 406 1576 431 se
1606 396 1692 432 belli

284 462 447 502 trahere.
478 460 737 509 interrupisse.
817 464 991 500 Tertium
1030 477 1071 501 se
1109 477 1249 501 annum
1289 464 1408 500 multa
1439 465 1518 501 eius
1549 465 1693 501 incom-

285 531 399 567 moda
429 529 516 566 belli
547 531 708 575 sentire,
741 533 836 568 mari
867 533 1094 578 intercluso3
1129 534 1280 581 inopem
1312 533 1474 570 insulam
1507 535 1627 571 miss.
1652 564 1659 571 .
1684 564 1691 572 .

287 629 294 637 .
319 629 326 636 .
350 628 357 636 .
381 598 624 648 (r)itimisiuu
648 629 655 636 .
680 629 687 635 .
711 628 718 636 .
742 601 892 637 colendi
922 602 1051 650 itaque
1073 603 1361 639 commeatibus,
1406 602 1502 640 Cum
1524 604 1561 640 id
1593 605 1692 640 ultra

282 669 362 718 pati
402 681 477 704 non
517 676 692 717 possent,
742 669 889 718 legatos
932 672 1028 708 alios
1068 672 1117 708 ad
1163 673 1306 709 Persea
1345 673 1382 708 in
1423 673 1690 710 Macedoniam

282 739 442 782 misisse,
474 737 538 785 qui
570 738 603 774 ei
636 738 914 782 denuntiarent,
945 742 1106 779 Rhodiis
1136 742 1299 790 placere,
1330 753 1463 790 pacem
1486 754 1569 778 eum
1603 755 1692 778 con-

280 821 425 856 ponere
467 820 551 844 eum
582 808 790 853 Romanis3
839 821 880 846 se
909 811 1074 846 Romam
1112 812 1243 848 eadem
1288 812 1499 848 nuntiatum
1544 812 1692 848 missos.

281 879 358 914 Per
389 889 484 925 quos
515 877 702 922 stetisset,
742 890 818 926 quo
849 880 972 915 minus
1004 880 1089 916 belli
1121 882 1204 917 finis
1238 882 1365 926 fieret,
1410 882 1594 918 adversus
1626 893 1691 918 eos

282 947 372 995 quid
403 947 473 983 sibi
504 946 719 983 faciendum
752 955 868 993 esset,
911 950 1083 986 Rhodios
1121 952 1429 987 consideraturos
1462 963 1557 990 esse.
1633 951 1692 987 Ne

279 1029 377 1053 nunc
409 1017 561 1064 quidem
592 1017 672 1052 haee
701 1017 781 1053 sine
803 1017 1065 1066 indignatione
1081 1020 1154 1068 legi
1189 1021 1361 1057 audirive
1391 1033 1517 1069 posse,
1548 1028 1689 1058 certum

278 1088 418 1124 habeo.
478 1086 573 1122 lude
603 1087 814 1123 existimari
845 1094 982 1136 potest,
1015 1088 1078 1136 qui
1110 1089 1264 1125 habitus
1286 1090 1500 1126 animorum
1532 1091 1691 1127 audien-

280 1157 379 1192 tibus
410 1168 455 1192 ea
486 1156 659 1204 patribus
690 1156 816 1195 fuerit.

390 1224 592 1269 Claudius,
639 1227 730 1262 nihil
767 1238 1015 1274 responsum,
1061 1234 1194 1264 auctor
1223 1235 1301 1272 est.
1347 1234 1492 1265 tantum
1536 1235 1690 1265 senatus

278 1295 492 1331 consultum
522 1294 736 1339 recitatum.
768 1307 844 1342 quo
867 1294 989 1332 Caras
1020 1303 1057 1332 et
1088 1297 1227 1345 Lycios
1261 1298 1400 1333 liberos
1430 1310 1512 1334 esse
1544 1299 1690 1335 iuberet

279 1364 445 1412 populus
478 1366 675 1401 Romanus
714 1365 936 1413 litterasque
978 1366 1170 1414 extemplo
1206 1366 1254 1402 ad
1292 1373 1496 1414 utramque
1525 1374 1688 1415 gentem.

280 1441 319 1471 ut
347 1435 461 1471 sciret
490 1435 721 1478 indicatum,
767 1435 883 1478 mitti3
933 1448 1008 1483 qua
1040 1436 1171 1471 audita
1201 1448 1259 1479 re.
1291 1435 1498 1484 principem
1530 1435 1690 1484 legatio-

278 1505 348 1550 nis.
380 1505 486 1541 cuius
518 1504 884 1552 magniloquentiam
915 1505 981 1541 vix
1007 1504 1114 1541 curia
1144 1504 1259 1552 paulo
1291 1512 1379 1540 ante
1409 1512 1575 1553 ceperat,
1606 1517 1690 1542 cor-

278 1574 411 1612 ruisse.
470 1575 550 1611 Alii
583 1586 807 1622 responsum
849 1587 931 1611 esse.
962 1575 1137 1618 tradunt,
1186 1575 1368 1623 populum
1403 1576 1619 1612 Romanum
1654 1582 1690 1612 et

277 1643 464 1692 principio
495 1643 574 1679 eius
606 1644 693 1679 belli
722 1644 822 1680 haud
854 1644 963 1680 vanis
994 1645 1214 1681 auctoribus
1243 1651 1478 1692 compertum
1497 1645 1688 1689 habuisse,

277 1713 449 1750 Rhodios
483 1725 565 1749 cum
584 1714 727 1749 Perseo
745 1725 834 1761 rege
851 1714 1035 1749 adversus
1065 1726 1143 1750 rem
1177 1713 1367 1761 publicam
1399 1726 1506 1750 sunm
1539 1715 1686 1751 occulta

277 1783 437 1819 consilia
467 1782 593 1829 inisse,
624 1790 672 1828 et,
703 1785 736 1819 si
763 1783 801 1819 id
832 1790 920 1819 ante
949 1784 1105 1820 dubium
1140 1783 1293 1828 fuisset,
1323 1783 1536 1831 legatorum
1571 1784 1687 1832 paulo

274 1932 305 1969 9,
339 1935 351 1962 l
387 1932 450 1962 sibi
478 1915 573 1962 mace
599 1929 781 1959 amicitiam
822 1928 876 1966 10,
897 1932 915 1959 2
941 1940 1008 1970 sqq.
1037 1930 1118 1960 mari
1144 1929 1276 1960 interim
1304 1929 1434 1961 incluso
1460 1929 1608 1970 inopiam
1637 1931 1687 1961 in-

272 1990 531 2031 sulamJinopem
557 1988 636 2019 miss
670 1986 719 2017 Ab
752 1987 889 2027 inopem
924 1987 1005 2017 miss
1044 1986 1152 2027 incipit
1184 1986 1262 2018 imus
1287 1997 1394 2017 versus
1416 1987 1545 2027 paqincc
1567 1987 1686 2028 prioris

262 2046 329 2088 sol.
357 2046 438 2084 1153
465 2046 491 2076 is
515 2051 571 2076 aul
595 2055 705 2076 erasus
730 2050 786 2075 aut
811 2043 965 2074 maculam
993 2043 1181 2085 esteryendo
1214 2043 1332 2075 deletus
1356 2050 1415 2081 est,
1451 2050 1483 2075 ut
1509 2043 1618 2075 lillerae
1644 2051 1687 2076 tot

263 2105 355 2145 fere,
395 2109 469 2144 quot
490 2108 609 2144 puncta
631 2101 742 2142 posui,
776 2100 838 2142 Ieyt'
861 2107 1030 2142 nequeam&
1065 2101 1173 2132 Ii‘tleroe
1206 2111 1222 2131 r
1245 2112 1324 2141 pars
1347 2107 1464 2132 tantum
1492 2100 1554 2143 leql
1573 2107 1684 2142 polest.

273 2162 302 2192 A
329 2161 461 2192 colendi
494 2160 603 2201 incipit
631 2158 734 2190 altera
764 2159 898 2200 payz'na.
953 2159 1050 2200 Gryn.
1077 2159 1214 2190 sentire:
1249 2159 1332 2188 mari
1361 2158 1544 2190 intercluso
1570 2159 1684 2200 inopia

271 2219 416 2250 insulam
458 2218 583 2258 premi,
625 2217 759 2247 amissis
802 2216 975 2247 maritimis
1017 2216 1240 2256 vectigalibus
1287 2221 1388 2256 atque
1429 2217 1682 2249 commeatibus.

271 2275 344 2318 Ipse
368 2274 510 2306 leariolor
535 2273 646 2316 (paulo
671 2272 764 2304 aliter
787 2279 880 2314 atque
904 2273 976 2304 Em.
1001 2272 1108 2314 566)
1144 2274 1277 2315 inopem
1304 2273 1449 2304 insulam
1475 2283 1546 2305 esse
1571 2284 1685 2312 suam;

271 2334 446 2364 maritimis
461 2333 572 2362 vivere
587 2331 772 2362 incolentes
787 2331 1041 2362 commeatibus.
1082 2331 1200 2372 Itaque
1216 2341 1290 2361 cum
1306 2349 1358 2362 —.
1399 2330 1469 2362 Alii
1481 2329 1582 2361 aliter.
1627 2330 1681 2369 11,

271 2394 290 2422 2
305 2391 393 2431 parti
419 2393 438 2420 3
456 2390 547 2420 rodis
586 2393 605 2419 4
622 2389 788 2420 romanise
803 2398 933 2419 romam
976 2389 1029 2426 12,
1050 2393 1060 2419 1
1081 2389 1297 2429 quostetisset
1333 2392 1351 2419 2
1380 2388 1521 2428 quissibi
1544 2389 1548 2428 Ι
1571 2388 1683 2420 rodios

270 2458 356 2495 13,l
388 2467 460 2489 csse
487 2467 575 2488 nuuc
601 2458 735 2498 quidem
785 2460 804 2487 2
823 2457 996 2488 audii-ciue
1034 2461 1053 2488 3
1080 2445 1158 2497 quia
1179 2457 1314 2488 habitus
1362 2456 1522 2495 XV‚1.3
1547 2462 1681 2496 gentem

270 2517 371 2548 sciret
403 2516 588 2546 indicatum
619 2514 689 2555 My.
723 2514 795 2546 Em.
823 2513 898 2546 569
931 2516 985 2554 (ut
1020 2515 1082 2546 iam
1110 2513 1219 2557 Su'yon.
1259 2515 1355 2556 Gryn.
1391 2520 1523 2555 gentem
1558 2514 1683 2544 scirent

268 2574 358 2614 ind.)
407 2573 440 2609 2,
468 2576 485 2603 2
513 2572 803 2612 magniloquentia
829 2572 886 2602 uix
914 2572 1041 2603 curiam
1104 2572 1135 2611 3,
1159 2576 1169 2603 l
1194 2573 1239 2603 iet
1283 2571 1316 2609 4,
1352 2575 1363 2602 1
1403 2571 1520 2602 inisset
1544 2571 1576 2601 id
1604 2575 1681 2601 ante

270 2643 484 2686 'legatorum
510 2641 643 2672 occulta
667 2641 809 2672 consilia
833 2640 950 2672 inisset
974 2640 1075 2681 paulo
