1753 2934
794 124 881 150 ΧΙΠ

134 241 409 278 refellendasve
437 241 621 285 diximus,
659 240 870 289 supplenda
900 242 1174 290 corrigendave
1209 243 1380 290 quaedam
1416 243 1451 278 in
1483 243 1541 279 in-

136 297 218 333 dice
258 298 343 333 huic
389 296 570 333 fasciculo
615 296 762 332 adiecto
806 297 1001 344 posuimus
1041 298 1118 333 suis
1156 298 1267 342 locis3
1312 306 1437 334 cetera
1466 310 1542 334 non

135 352 228 388 tanti
253 360 371 395 erant„
402 359 441 387 ut
465 364 634 387 seorsum
657 351 832 399 ponenda
853 352 1083 390 viderentur.
1148 353 1283 400 Itaque
1302 354 1361 389 hic
1379 354 1539 401 primum

135 407 418 443 emendationes
446 407 630 454 quasdam
651 406 720 443 sub
738 415 867 441 nostro
900 406 1110 442 aliorumve
1140 409 1354 444 nominibus
1386 409 1541 456 positas,

134 462 171 498 in
202 474 277 509 quo
307 474 444 510 genere
482 474 556 497 non
591 461 750 496 subinde
791 474 917 497 errare
947 462 1207 498 diffivillimum
1239 472 1306 506 est,
1352 464 1542 511 prioribus

134 517 352 553 auctoribus
384 523 469 565 post
499 516 656 564 repertis
687 516 937 559 restituimus;
969 517 1104 552 deinde
1134 518 1263 565 paucis
1288 518 1379 553 locis
1401 531 1539 554 novam

134 572 449 614 emendationem,
481 584 564 619 quae
593 578 696 606 certa
731 581 880 618 reperta
911 571 1123 614 videbatur,
1169 573 1426 616 adl1ib11imus;
1473 586 1541 622 po-

133 634 274 662 stremo
312 640 458 662 errores
491 626 674 674 quosdam
707 626 935 675 typographi
976 627 1210 663 correximus
1248 629 1356 664 editis
1389 629 1540 665 demum

134 682 390 718 voluminibus
426 681 724 731 animadversos.

244 738 395 778 Restat,
437 745 496 780 ut,
539 744 692 784 peracto
733 742 812 771 toto
852 736 924 772 hoe
956 737 1108 784 negotio
1143 737 1324 781 Liviano‚
1359 739 1540 785 quoniam

134 791 288 839 collegoe
319 792 693 830 coniunctissimoet
724 791 968 834 amicissimo,
1000 792 1062 838 qui
1094 792 1236 828 laboris
1259 801 1292 828 et
1315 793 1542 841 suscipiendi

133 858 269 882 suasor
313 855 348 882 et
392 847 609 895 perficiendi
653 846 776 882 socius
816 847 936 882 fidelis
976 846 1058 890 fuit,
1100 848 1244 895 gratias
1276 861 1389 896 agere
1420 849 1542 884 minus

133 901 239 938 decet
272 902 307 937 in
347 914 392 937 ea
430 902 672 950 praefatione,
718 914 830 949 quam
867 902 947 937 eius
986 915 1138 949 quoque
1176 903 1327 938 nomine
1364 904 1541 948 scribam,

135 955 181 995 O.
213 958 385 1005 SiesbyQ
425 970 471 993 ex
503 956 685 1004 discipulo
717 969 791 991 non
825 969 966 1005 paucos
997 957 1070 992 iam
1105 970 1224 993 annos
1255 959 1389 996 amico,
1431 959 1541 994 meri-

133 1012 318 1048 tissimum
369 1012 622 1048 testimonium
670 1012 888 1060 perhibeam
938 1024 1063 1060 operae
1115 1013 1285 1056 assidue,
1331 1014 1541 1061 diligenter,

133 1067 294 1103 scienter
324 1067 413 1103 mihi
443 1067 480 1103 in
511 1068 582 1103 hoe
611 1067 745 1102 labore
777 1067 1027 1103 commodatae
1060 1068 1403 1116 admonitionisque
1442 1081 1542 1117 saepe

133 1122 329 1158 utilissime
347 1123 544 1166 adiunctae,
577 1134 660 1170 quae
691 1123 817 1158 omnia
835 1122 994 1158 itamihi
1025 1132 1136 1171 grata
1165 1132 1262 1161 sunt.
1294 1133 1331 1160 ut
1355 1124 1540 1172 reliquam

133 1185 259 1213 tamen
295 1178 457 1225 gratiam
490 1177 607 1214 multo
639 1177 767 1213 vineat
796 1177 1070 1214 benevolentiae
1100 1179 1270 1215 candidae
1303 1187 1340 1215 et
1365 1179 1541 1216 infucatae

131 1240 356 1269 constantia.

226 1346 332 1378 Scrib.
359 1345 503 1377 Hauniae
530 1356 560 1378 a.
589 1347 620 1377 d.
648 1346 734 1377 VIII
759 1346 810 1378 Id.
837 1346 909 1378 Ian.
937 1356 966 1377 a.
997 1345 1289 1379 MDCCCLXVI.
