1753 2934
507 135 606 165 Liber
630 133 737 164 XLV.
789 134 850 170 (A.
879 132 958 165 Chr.
993 135 1085 173 168.)
1370 135 1444 169 ’213

106 258 244 306 quendi
294 259 424 307 populi
468 266 692 306 potestatem
738 258 920 295 facerent.
983 258 1196 300 permisso,
1230 256 1390 299 „Utrum
1422 266 1502 298 nos,

107 329 275 376 hospites
306 324 587 369 Samothraces,
618 341 707 363 vere
737 328 952 376 accepimus
992 342 1038 363 an
1076 327 1199 369 falm,
1229 338 1376 362 sacram
1407 325 1503 360 hanc

108 398 268 433 insulam
299 406 334 433 et
364 398 514 446 augusti
562 406 678 434 totam
725 398 850 445 adque
892 398 1062 433 inviolati
1103 397 1172 433 soli
1205 396 1338 433 esser*
1407 393 1502 431 Cum

110 469 260 504 creditae
291 468 483 504 sanctitati
501 468 779 504 adsentirentur
803 481 946 511 omnes,
983 466 1085 511 „Cur
1102 467 1238 515 igitur*
1259 465 1380 513 inquit
1398 463 1504 512 „pol-

106 538 206 574 lutus
237 552 319 574 eam
350 538 540 574 homicida
576 539 759 586 sanguine
788 538 887 586 regis
918 538 1098 574 Eumenis
1130 537 1308 572 violabit.
1340 545 1388 575 ct,
1420 547 1504 571 cum

107 608 230 644 omnis
260 608 433 656 praefatio
464 621 659 644 sacrorum
693 621 779 651 eos,
827 610 963 656 quibus
1005 621 1080 643 non
1122 609 1195 643 sint
1225 619 1328 655 purae
1359 617 1504 649 manus,

105 679 224 715 sacris
255 687 406 722 arceat,
451 691 520 714 vos
564 678 774 727 penetralia
813 688 941 714 vestra
981 677 1231 714 contaminari
1262 684 1416 712 cruento
1450 675 1504 710 la-

107 748 225 784 tronis
256 760 416 796 corpore
449 749 577 784 sinetis
591 748 630 784 ?··
686 749 837 785 Nobilis
867 749 972 785 fama
1002 760 1083 784 erat
1113 756 1204 796 aput
1235 759 1365 782 onmes
1397 745 1506 782 Grae-

106 818 173 854 ciae
220 818 392 854 civitates
431 819 613 855 Eumenis
661 820 760 867 regis
805 833 872 867 per
914 819 1137 855 Euandrum
1183 817 1344 865 Delphis
1387 828 1506 864 prope

107 896 326 937 perpetrata
371 889 502 924 caedes.
584 889 741 936 Itaque,
785 897 1036 937 praeterquam
1084 889 1185 936 quod
1233 888 1271 923 in
1316 894 1505 934 potestate

106 960 367 996 Romanorum
399 971 481 995 sese
511 959 748 1006 insulamque
773 967 892 995 totam
910 966 946 994 et
962 958 1145 1006 templum
1177 958 1382 993 cernebant·
1411 968 1505 994 esse.

106 1042 154 1065 ne
186 1029 360 1065 inmerito
392 1030 542 1076 quidem
574 1042 620 1065 ea.
659 1029 729 1065 sibi
771 1029 994 1077 exprobrari
1033 1029 1127 1072 rati,
1169 1027 1400 1070 Theondan,
1443 1026 1506 1073 qui

106 1112 275 1136 summus
307 1100 552 1148 magistratus
583 1108 675 1147 aput
706 1112 771 1136 eos
802 1108 885 1135 erat
925 1102 1070 1147 (regem
1101 1098 1174 1146 ipsi
1205 1097 1427 1146 appellant).r
1458 1096 1506 1132 ad

106 1170 251 1206 Persea
281 1169 443 1209 mittunt„
471 1170 535 1217 qui
564 1170 773 1214 nuntiaret,
814 1170 924 1218 argui
954 1169 1066 1206 caedis
1097 1168 1318 1205 Euandrum
1351 1165 1506 1204 Creten-

106 1252 207 1283 seu13
249 1252 332 1276 esse
373 1248 499 1276 autem
540 1240 679 1276 iudicia
710 1248 802 1289 aput
831 1253 914 1276 sese
944 1252 1049 1276 more
1079 1240 1266 1276 maiorum
1298 1245 1508 1286 conparata

107 1310 154 1346 de
182 1310 240 1354 iis,
288 1310 352 1358 qui
394 1311 558 1346 incestas
598 1323 731 1346 manus
773 1311 943 1346 intulisse
984 1310 1084 1346 intra
1125 1310 1306 1345 terminos
1336 1315 1508 1344 sacratos

108 1380 238 1428 templi
267 1380 451 1416 dieantur.
517 1380 558 1417 Si
588 1381 794 1416 confideret
823 1381 1025 1417 Euander.
1062 1380 1258 1416 innoxium
1292 1391 1332 1414 se
1361 1378 1416 1414 rei
1446 1389 1508 1413 ea-

108 1449 234 1497 pitalis
264 1450 393 1498 argui,
423 1451 568 1486 veniret
600 1451 647 1486 ad
678 1463 832 1487 causam
870 1451 1089 1494 dicendam
1134 1451 1165 1486 si
1201 1450 1437 1485 committere
1470 1460 1509 1483 se

107 1519 246 1555 iudicio
283 1532 360 1555 non
401 1521 577 1558 auderet.
623 1521 801 1557 liberaret
843 1521 1026 1569 religione
1070 1520 1250 1568 templum
1287 1531 1331 1555 ae
1361 1519 1509 1555 sibimet

107 1590 179 1638 ipsi
209 1590 432 1626 consuleret.
495 1592 658 1627 Perseus
686 1600 867 1628 sevocato
900 1591 1081 1627 Euandro
1112 1590 1291 1627 iudicium
1322 1588 1507 1625 subeundi

107 1659 210 1695 nullo
240 1668 353 1708 pacto
384 1669 518 1697 auctor
547 1674 649 1697 esse:
696 1674 765 1697 nec
795 1673 912 1697 causa
967 1673 1036 1697 nec
1079 1662 1205 1709 gratia
1241 1671 1372 1708 parem
1413 1658 1508 1694 fore.

107 1730 271 1767 Suberat
301 1737 337 1766 et
366 1731 428 1766 ille
458 1740 604 1777 metus,
652 1744 699 1767 ne
739 1732 942 1768 damnatus
973 1740 1166 1768 auctorem
1197 1743 1238 1767 se
1266 1729 1422 1766 nefandi
1450 1728 1509 1764 fa-

107 1800 245 1836 cinoris
278 1801 528 1848 protraheret.
607 1802 760 1849 Reliqui
798 1802 887 1849 quid
920 1814 1022 1839 esse.
1067 1802 1139 1837 nisi
1181 1809 1221 1837 ut
1249 1800 1399 1837 fortiter
1427 1812 1508 1836 mo-

106 1869 254 1906 riatur?
327 1870 434 1906 Nihil
467 1871 593 1919 palam
626 1872 792 1908 abnuere
822 1873 1023 1917 Euander3
1073 1872 1139 1908 sed
1177 1884 1261 1908 eum
1292 1883 1439 1907 veneno
1469 1883 1509 1906 se

108 1940 221 1976 malle
264 1941 360 1977 mori
405 1953 519 1988 quain
575 1941 677 1977 ferro
731 1942 908 1987 dixisset,
968 1942 1113 1978 occulte
1159 1942 1290 1990 fugam
1334 1941 1508 1990 parabat.

108 2009 221 2057 Quod
251 2023 336 2046 cum
366 2011 621 2047 renuntiatum
647 2012 729 2060 regi
759 2020 869 2050 esset.
903 2021 1083 2052 metuens,
1114 2025 1171 2050 ne.
1202 2020 1399 2059 tamquam
1421 2025 1443 2048 a
1469 2024 1509 2048 se

105 2298 138 2335 3,
165 2302 183 2328 2
211 2285 437 2328 saamotraces
484 2302 503 2328 3
531 2298 641 2337 adque
667 2298 701 2328 in
727 2299 878 2328 inuiolati
938 2299 971 2331 4.
1003 2303 1013 2329 1
1046 2308 1119 2329 eum
1147 2299 1280 2329 creditae
1345 2304 1363 2329 2
1392 2299 1507 2340 inquid

108 2356 110 2385 ζ
129 2356 222 2396 polui
247 2365 320 2386 eam
341 2354 438 2387 Gron.
460 2355 580 2396 (Gryn.
607 2356 768 2396 pollutam
795 2356 905 2386 omisso
932 2357 1023 2395 cam)
1068 2360 1087 2387 3
1109 2356 1251 2387 uiolauit
1264 2356 1334 2397 319.
1347 2356 1419 2387 Em.
1436 2355 1505 2387 594

106 2417 127 2444 4
151 2424 204 2444 om
220 2438 227 2444 .
253 2438 260 2444 .
281 2413 403 2454 (litterae
417 2419 557 2444 extr-erute
568 2413 695 2454 payime
714 2414 857 2453 abscisae)
882 2413 1111 2454 praefatiorum
1138 2424 1194 2445 eos
1233 2418 1250 2445 5
1269 2415 1507 2445 cont-raminari

106 2471 138 2506 5,
164 2475 183 2502 2
207 2472 367 2502 eandrum
394 2471 499 2512 delpis
549 2475 568 2501 3
595 2479 804 2512 perpetratas
853 2471 884 2507 6,
911 2475 930 2502 3
958 2473 1227 2513 exprobrariirati
1279 2476 1296 2502 5
1332 2473 1508 2503 mittuntur

106 2528 138 2566 8,
169 2532 181 2559 l
212 2529 420 2560 confiderent
450 2527 661 2571 {obnoxium
710 2528 741 2563 9,
771 2533 782 2559 1
815 2537 955 2560 euocato
982 2529 1088 2561 Drak.
1151 2534 1169 2560 2
1196 2537 1426 2571 pactorcsesse
1487 2535 1507 2560 4

106 2597 247 2638 reliquid
281 2602 283 2638 2
313 2598 393 2638 quid
426 2605 517 2629 esset
551 2596 661 2638 Se'yon.
712 2598 765 2635 10,
792 2603 810 2628 :2
845 2599 944 2629 malle
984 2608 1083 2638 quam
1119 2601 1200 2630 mori
1228 2609 1328 2640 quam
1354 2599 1444 2630 ferro

1546 1874 1588 1908 10
