1753 2934
626 140 701 173 Lib.
728 139 1019 173 LXII—LXVII.
1425 142 1473 176 53

123 272 249 314 populo
268 272 422 303 Romano
448 271 543 302 invisi
566 270 767 302 adfectabat.
798 269 927 313 [Romae
947 268 1172 312 intersectum]
1200 280 1300 311 quum
1322 269 1530 311 periclitare-

123 340 177 364 tur
202 343 337 364 causam
365 333 484 373 capitis
511 333 633 365 dicere.
660 333 744 363 clam
772 331 921 373 profugit
947 337 980 362 et
1002 333 1123 362 cedens
1150 332 1231 363 urbe
1258 331 1362 362 fertur
1388 332 1529 363 dixisse:

125 394 175 437 „O
193 395 308 426 urbem
323 394 474 425 venalem
495 401 527 425 et
546 395 611 425 cito
638 394 831 434 perituram,
857 393 883 424 si
910 399 1094 434 emptorem
1121 393 1321 424 invenerit!”
1350 394 1392 424 A.
1408 392 1529 424 Postu·

122 457 208 488 mius
237 457 369 496 legatus
397 455 578 486 infeliciter
602 455 722 496 proelio
748 455 906 485 adversus
922 454 1120 494 Iugurtham
1144 462 1240 495 gesto
1257 464 1374 495 pacem
1396 464 1529 495 quoque

122 517 246 548 adiecit
273 517 542 556 ignominiosam,
571 526 669 557 quam
696 525 763 547 non
791 525 862 547 esse
888 517 1088 546 servandam
1115 522 1248 547 senatus
1275 515 1414 546 censuit.

664 623 728 654 EX
754 622 842 653 LIB.
870 622 977 653 LXV.

217 699 255 738 Q.
272 699 426 732 Caecilius
442 698 600 730 Metellus
628 708 693 731 cos.
720 700 851 731 duobus
876 699 1002 740 proeliis
1022 699 1221 739 Iugurtham
1250 697 1335 729 fudit
1358 704 1528 738 totamque

120 761 314 793 Numidiam
343 761 494 792 vastavit.
548 761 595 793 M.
610 761 727 792 Iunius
744 760 880 792 Silanus
905 771 971 791 eos.
999 761 1158 791 adversus
1173 758 1327 791 Cimbros
1355 759 1532 790 infeliciter

119 824 297 864 pugnavit.
350 824 485 861 Legatis
512 821 727 854 Cimbrorum
755 823 869 854 sedem
897 828 929 853 et
956 831 1066 861 agros.
1099 821 1133 851 in
1159 820 1281 860 quibus
1308 822 1530 859 considerent,

119 885 367 926 postulantibus
394 891 529 915 senatus
556 884 704 924 negavit.
755 885 802 915 M.
832 884 1002 915 Minucius
1029 892 1160 924 procos.
1193 884 1351 914 adversus
1381 883 1529 914 Thracas

118 956 275 988 prospere
311 947 481 988 pugnavit.
540 946 578 976 L.
610 945 747 976 Cassius
782 955 849 976 cos.
887 955 906 975 a
934 945 1104 984 Tigurinis
1131 945 1255 980 Gallis,
1292 955 1381 986 pago
1406 944 1528 975 Helve-

119 1009 254 1040 tiorum.
282 1010 337 1049 qui
365 1019 384 1039 a
412 1008 546 1038 civitate
572 1013 791 1044 secesserant,
819 1007 852 1037 in
877 1006 998 1038 finibus
1012 1005 1248 1046 Nitiobrogum
1275 1016 1353 1037 cum
1380 1007 1529 1037 exercitu

119 1078 224 1100 caesus
249 1076 307 1101 est.
359 1069 504 1100 Milites.
548 1069 603 1107 qui
630 1077 672 1098 ex
699 1077 739 1098 ea
764 1068 858 1099 clade
885 1073 1144 1108 superaverant,
1181 1068 1355 1099 obsidibus
1382 1069 1469 1099 datis
1496 1075 1528 1098 et

119 1130 260 1161 dimidia
286 1140 394 1161 rerum
423 1130 572 1161 omnium
594 1136 699 1170 parte,
727 1136 761 1160 ut
781 1130 966 1160 incolumes
995 1129 1252 1160 dimitterentur.
1280 1140 1354 1160 cum
1374 1130 1528 1161 hostibus

117 1192 204 1233 pacti
236 1198 324 1222 sunt.

651 1251 716 1283 EX
740 1252 830 1284 LIB.
857 1251 984 1283 LXVI.

209 1329 373 1370 Iugurtha
401 1329 518 1370 pulsus
549 1339 567 1359 a
593 1327 630 1360 C.
660 1329 769 1359 Mario
796 1327 956 1359 Numidia
988 1337 1090 1369 quum
1123 1328 1248 1358 auxilio
1274 1328 1401 1359 Bocchi
1429 1327 1529 1358 Mau-

72 1418 74 1421 ,
117 1401 230 1422 rorum
256 1392 342 1431 regis
373 1391 508 1421 adiutus
535 1397 634 1422 esset.
663 1390 756 1420 caesis
782 1389 898 1430 proelio
923 1389 1051 1420 Bocchi
1079 1399 1212 1430 quoque
1239 1390 1354 1430 copiis.
1391 1389 1526 1420 nolente

116 1452 254 1483 Boccho
280 1452 405 1483 bellum
444 1452 622 1483 infeliciter
658 1456 848 1492 susceptum
882 1451 1007 1482 diutius
1042 1452 1214 1482 sustinere.
1258 1450 1387 1480 vinctus
1416 1450 1458 1480 ab
1485 1459 1525 1481 eo

115 1520 146 1546 et
173 1513 282 1545 Mario
310 1515 453 1545 traditus
489 1522 556 1551 est3
600 1515 633 1544 in
673 1523 738 1554 qua
766 1522 799 1542 re
832 1513 1000 1553 praecipua
1034 1523 1135 1554 opera
1168 1513 1207 1544 L.
1233 1511 1383 1543 Cornelii
1411 1511 1525 1545 Sullae.

114 1576 290 1615 quaestoris
318 1573 356 1606 C.
385 1575 496 1611 Marii,
530 1574 603 1606 fuit.

643 1665 706 1696 EX
734 1665 822 1696 LIB.
850 1665 994 1697 LXVII.

205 1742 252 1773 M.
289 1742 450 1773 Aurelius
476 1742 624 1774 Scaurus
668 1742 800 1783 legatus
836 1743 982 1774 consulis
1016 1753 1034 1773 a
1063 1742 1219 1773 Cimbris.
1257 1742 1334 1773 fuso
1363 1743 1523 1774 exercitu.

111 1811 230 1845 captus
256 1810 325 1841 est,
364 1810 397 1834 et
421 1812 526 1844 quum
551 1804 587 1833 in
613 1804 791 1838 consilium
818 1805 861 1835 ab
888 1805 934 1836 eis
959 1805 1141 1836 advocatus
1169 1805 1350 1835 deterreret
1376 1813 1450 1841 eos,
1484 1814 1525 1835 ne

110 1865 218 1906 Alpes
243 1866 423 1896 transirent
448 1864 582 1895 Italiam
610 1866 761 1904 petituri,
799 1875 838 1897 eo
866 1866 955 1906 quod
986 1866 1112 1896 diceret
1136 1866 1309 1897 Romanos
1345 1866 1431 1896 vinei
1456 1875 1524 1896 non

110 1936 227 1968 posse,
267 1936 286 1957 a
312 1926 482 1965 Boiorige.
525 1925 629 1956 feroci
667 1927 803 1965 iuvene,
845 1929 976 1958 occisus
1012 1934 1071 1957 est.
1136 1928 1189 1957 Ab
1228 1927 1346 1959 iisdem
1371 1928 1524 1959 hostibus

112 1986 174 2019 Cn.
202 1987 351 2018 Manlius
385 1997 456 2018 cos.
497 1993 530 2017 et
558 1986 597 2024 Q.
627 1987 789 2020 Servilius
817 1988 931 2029 Caepio
968 1998 1101 2029 procos.
1141 1989 1219 2019 vieti
1253 1990 1372 2030 proelio
1405 1990 1524 2020 castris

110 2059 245 2092 quoque
271 2049 359 2080 binis
385 2050 476 2079 exuti
504 2056 598 2087 sun13
632 2050 775 2081 militum
802 2050 909 2081 millia
944 2050 1117 2089 octoginta
1150 2050 1272 2089 occisa,
1307 2051 1462 2082 calonum
1491 2057 1524 2081 et

107 2111 253 2142 lixarum
279 2111 342 2141 XL
375 2126 390 2141 s
411 2127 427 2141 s
461 2111 648 2142 secundnm
680 2112 919 2143 Arausionem.
979 2109 1164 2152 Caepionis.
1205 2112 1298 2143 cuius
1333 2113 1523 2143 temeritate

109 2171 225 2202 clades
252 2178 393 2213 accepta
419 2179 507 2210 erat,
545 2173 692 2203 damnati
730 2173 820 2203 bona
853 2173 1025 2213 publicata
1062 2180 1140 2204 sunt
1172 2174 1271 2214 primi
1297 2180 1373 2215 post
1405 2182 1519 2213 regem

107 2233 329 2274 Tarquinium
357 2235 598 2275 imperiumque
625 2234 654 2265 ei
680 2235 892 2274 abrogatum.
941 2234 980 2265 In
1003 2234 1173 2276 triumpho
1199 2233 1238 2266 C.
1266 2235 1364 2266 Marii
1395 2235 1515 2266 ductus

108 2301 184 2326 ante
213 2305 345 2326 currum
372 2297 442 2327 eius
460 2295 623 2336 Iugurtha
649 2305 725 2326 curn
752 2296 884 2326 duobus
908 2295 986 2327 filiis
1010 2301 1043 2327 et
1066 2297 1102 2327 in
1128 2306 1260 2328 carcere
1286 2297 1427 2327 necatus
1453 2304 1514 2327 est.

105 2356 235 2387 Marius
261 2356 454 2397 triumphali
479 2363 571 2388 veste
596 2358 631 2387 in
645 2363 799 2388 senatum
814 2359 915 2393 venit,
942 2358 1032 2399 quod
1049 2368 1149 2389 nemo
1175 2364 1253 2389 ante
1276 2368 1351 2389 eum
1380 2357 1519 2396 fecerat,

106 2417 210 2458 eique·
229 2423 367 2458 propter
395 2425 521 2450 metum
548 2417 708 2450 Cimbrici
742 2419 822 2449 belli
857 2419 1071 2450 continuatus
1105 2428 1162 2460 per
1189 2420 1379 2461 complures
1412 2429 1521 2450 annos

106 2484 157 2510 est
192 2479 395 2510 consulatus.
460 2478 618 2510 Secundo
656 2488 689 2512 et
727 2480 825 2511 tertio
865 2480 985 2512 absens
1019 2481 1136 2512 consul
1172 2488 1323 2517 creatus,
1363 2487 1520 2521 quartum

105 2541 320 2572 consulatum
346 2541 596 2572 dissimulanter
622 2547 760 2581 captans
787 2547 989 2573 consecutus
1014 2548 1075 2573 est.
1131 2540 1193 2573 Cn.
1223 2542 1396 2573 Domitius
1423 2546 1517 2582 pont.

104 2612 190 2633 max.
217 2602 332 2644 populi
359 2600 521 2642 suffragio
546 2608 678 2633 creatus
704 2610 765 2634 est.
819 2601 945 2632 Cimbri
968 2605 1110 2635 vastatis
1137 2603 1303 2641 omnibus,
1331 2612 1406 2643 quae
1432 2603 1519 2633 inter

103 2663 306 2695 Rhodanum
340 2669 373 2694 et
403 2662 604 2704 Pyrenaeum
637 2670 729 2701 sunt,
766 2672 826 2704 per
861 2663 982 2695 saltum
1017 2664 1050 2695 in
1082 2664 1281 2706 Hispaniam
1315 2664 1514 2704 transgressi
