1742 2902
123 697 176 740 28

297 104 346 139 66
650 102 751 132 Liber
777 100 887 131 XLII.
939 103 997 141 (A.
1027 111 1057 132 u.
1085 112 1113 133 c.
1143 103 1237 143 582.)

236 223 411 270 imperi0.
477 222 538 257 Ea
570 221 710 265 omnia,
742 232 826 268 quae
855 228 1009 258 senatus
1043 224 1209 267 censuit,
1239 224 1387 272 inpigre
1413 225 1516 261 facta
1547 232 1655 263 sunt.

183 295 203 328 7
236 290 639 337 Duodequadraginta
657 290 950 337 quinqueremes
980 303 1028 327 ex
1058 292 1260 328 navalibus
1277 293 1470 338 deductae;
1500 295 1564 342 qui
1585 295 1650 331 de-

236 360 390 395 duceret
419 370 486 394 eas
516 359 774 403 Brundisium,
806 360 851 398 L.
883 361 1045 396 Porcius
1076 361 1230 397 Licinus
1260 363 1507 410 praepositus;
1552 364 1650 400 duo-

182 434 204 469 8
237 428 357 464 decim
381 440 428 463 ex
449 427 580 465 Sicilia
605 428 741 464 missae.
797 429 861 464 Ad
881 428 1111 466 frumentum
1143 430 1255 466 classi
1281 431 1540 479 exercituique
1564 445 1652 468 coe-

236 496 414 532 mendum
444 497 482 532 in
503 497 689 545 Apuliam
721 496 1021 546 Calabriamque
1051 506 1127 535 tres
1157 499 1273 547 legati
1307 501 1422 544 missi,
1454 503 1543 538 SeX.
1580 501 1652 537 Di·

233 565 374 613 gitius,
406 567 453 602 T.
484 566 707 610 Iuventius,
739 567 794 604 M.
826 565 1011 603 Caecilius.
1074 568 1140 604 Ad
1172 570 1300 604 omnia
1330 577 1547 617 praeparata
1578 569 1650 606 Cn.

235 635 399 671 Sicinius
429 643 582 683 praetor,
612 635 819 683 paludatus
850 648 898 671 ex
920 637 1013 672 urbe
1029 636 1236 684 profectus,
1267 637 1513 674 Brundisium
1534 640 1651 677 veuit.

348 704 464 740 Exitu
496 716 619 752 prope
658 704 747 740 anni
779 703 822 740 C.
854 705 1029 752 Popilius
1069 706 1201 741 consul
1231 707 1395 743 Romam
1435 708 1547 744 rediit
1580 708 1652 744 ali-

234 781 379 821 quanto
409 774 543 818 serius,
575 786 690 821 quam
722 780 868 810 senatus
884 781 1095 818 censuerat,
1126 775 1186 811 cui
1217 777 1341 823 primo
1372 789 1525 824 quoque
1554 784 1650 813 tem-

234 855 326 890 pore
358 843 606 890 magistratus
637 844 772 888 creari,
803 855 888 879 cum
923 852 1069 880 tantum
1101 844 1241 881 bellum
1279 846 1515 889 immineret,
1543 860 1563 882 e
1594 859 1638 882 re

233 911 388 959 publica
427 912 550 948 visum
593 919 686 948 erat.
763 913 903 960 Itaque
949 925 1024 948 non
1075 914 1251 950 secundis
1296 915 1452 950 auribus
1497 921 1650 963 patrum

233 981 386 1016 auditus
417 988 473 1016 est
503 981 648 1026 consul,
679 994 764 1017 cum
798 982 835 1016 in
866 982 946 1017 aede
974 982 1145 1018 Bellonae
1179 983 1225 1018 de
1255 984 1368 1019 rebus
1391 984 1428 1020 in
1445 984 1652 1032 Liguribus

233 1051 350 1098 gestis
381 1050 595 1086 dissereret.
671 1050 1001 1087 Succlamationes
1039 1051 1258 1099 frequentes
1299 1060 1408 1088 erant
1436 1054 1650 1101 interroga·

230 1120 452 1167 tionesque,
489 1132 556 1155 cur
593 1119 736 1156 scelere
776 1120 907 1155 fratris
939 1132 1145 1168 oppressos
1177 1121 1338 1169 Ligures
1367 1123 1405 1158 in
1436 1123 1650 1159 libertatem

231 1201 307 1224 non
338 1189 575 1225 restituisset.
660 1187 829 1225 Comitia
860 1189 1102 1234 consularia,
1148 1191 1184 1226 in
1225 1203 1339 1238 quain
1379 1192 1503 1227 edicta
1542 1199 1654 1228 erant

232 1258 346 1302 diem,
378 1264 465 1293 ante
496 1258 595 1293 diem
626 1258 711 1294 XII
742 1258 832 1293 Kal.
865 1259 980 1294 Mart.
1012 1267 1097 1295 sunt
1129 1260 1272 1296 habita.
1353 1260 1481 1297 Creati
1513 1273 1650 1297 consu-

229 1328 283 1363 les
323 1327 366 1362 P.
399 1327 567 1363 Licinius
598 1326 783 1371 Crassus,
828 1326 872 1364 C.
904 1327 1061 1364 Cassius
1093 1329 1301 1376 Longinus.
1384 1331 1548 1366 Postero
1589 1331 1657 1366 die·

229 1403 413 1444 praetores
450 1396 542 1433 facti
574 1395 618 1433 C.
651 1396 843 1444 Sulpicius
875 1396 1026 1440 Galba,
1059 1398 1102 1432 L.
1134 1398 1274 1433 Furius
1305 1399 1460 1444 Philus,
1493 1400 1536 1436 L.
1570 1400 1648 1437 Ca·

230 1466 379 1502 nuleius
412 1466 546 1511 Dives,
589 1464 632 1503 C.
666 1466 866 1502 Lucretius
899 1465 1051 1510 Gallus,
1094 1465 1138 1504 C.
1171 1466 1353 1503 Caninius
1383 1469 1553 1514 Rebilus,
1602 1470 1651 1505 L.

189 1539 194 1547 “
231 1535 368 1571 Villius
400 1535 576 1571 Annalis.
642 1535 715 1570 His
745 1536 974 1582 praetoribus
1006 1536 1213 1583 provinciae
1243 1537 1416 1582 dceretae,
1449 1538 1532 1574 duae
1564 1538 1648 1575 iure

226 1605 362 1641 Romae
393 1604 579 1649 dicendo,
624 1604 817 1652 Hispania
848 1612 884 1640 et
914 1604 1045 1642 sicilia
1076 1612 1111 1640 et
1146 1605 1347 1650 Sardinia,
1395 1614 1433 1642 ut
1466 1608 1528 1643 uni
1560 1620 1646 1644 sors

226 1674 378 1721 integra
409 1681 529 1718 esset,
574 1686 650 1721 quo
688 1681 843 1710 senatus
874 1674 1094 1710 censuisset.
1134 1681 1135 1684 ’
1175 1674 1405 1712 Consulibus
1436 1677 1646 1724 designatis

223 1743 430 1791 imperavit
457 1750 635 1788 senatus,
680 1750 742 1787 ut,
787 1755 864 1790 qua
904 1743 965 1778 die
995 1743 1261 1791 magistratum
1292 1745 1470 1789 inissent,
1510 1747 1647 1782 hostiis

224 1812 435 1848 maioribus
465 1813 537 1848 rite
571 1812 760 1855 mactatis,
790 1819 1059 1860 precarentur,
1092 1821 1144 1857 ut,
1176 1814 1277 1860 quod
1309 1814 1447 1850 bellum
1479 1815 1646 1862 populus

224 1882 422 1918 Romanus
452 1882 490 1917 in
522 1882 649 1917 animo
679 1882 840 1917 haberet
869 1893 1021 1929 gerere,
1062 1889 1103 1917 ut
1137 1882 1174 1917 id
1205 1895 1428 1930 prosperum
1463 1884 1647 1920 eveniret.

223 1951 372 1986 Eodem
404 1951 464 1986 die
498 1950 668 1987 decrevit
692 1940 860 1995 senatus,
892 1949 934 1987 C.
956 1951 1133 1999 Popilius
1163 1952 1295 1987 consul
1325 1952 1434 1988 ludos
1463 1965 1533 2001 per
1562 1953 1644 1990 dies

223 2020 352 2055 decem
369 2020 455 2055 Iovi
491 2027 649 2068 optumo
666 2032 850 2056 maxumo
881 2026 1039 2056 voveret
1065 2021 1243 2068 donaque
1269 2021 1371 2058 circa
1401 2023 1529 2058 omnia
1559 2023 1646 2070 pul·

222 2168 288 2204 6‚4
317 2167 448 2208 inpigro
492 2166 523 2204 7,
555 2171 567 2197 l
597 2167 743 2198 deducta
795 2169 886 2196 2eos
908 2165 1062 2205 fflicinius
1076 2165 1146 2206 δίς).
1182 2166 1214 2203 8,
1244 2171 1260 2194 2
1289 2167 1559 2198 missisedicitius
1578 2172 1597 2198 3
1617 2174 1645 2199 t-

222 2223 392 2254 iubentius
419 2223 589 2261 XXVIII,
605 2223 637 2261 1,
657 2227 668 2254 l
686 2222 772 2253 redit
804 2226 822 2252 2
839 2231 940 2262 quam
957 2229 1135 2253 censuerat
1161 2226 1179 2253 3
1195 2223 1368 2254 imminere
1384 2224 1553 2264 repulsum
1570 2229 1644 2255 erat

222 2279 361 2311 Bekker.
391 2281 509 2322 (Gryn.
538 2280 741 2317 immineret,
769 2280 894 2311 iussum
922 2283 1005 2317 erat)
1047 2280 1078 2316 2,
1100 2280 1284 2310 2auditum
1307 2280 1312 2319 Ι
1335 2281 1438 2311 aedem
1487 2281 1519 2318 3,
1547 2285 1645 2323 201)-

221 2347 356 2378 pressus
381 2337 412 2373 4,
446 2337 750 2378 linquamdeuicta
777 2341 794 2367 2
811 2337 941 2367 diemad
963 2347 1021 2367 xu.
1058 2336 1091 2373 ὃ,
1114 2340 1126 2366 l
1158 2346 1250 2367 cons.
1278 2337 1411 2368 licinius
1437 2347 1569 2369 crassus
1620 2342 1640 2369 2

222 2394 386 2424 cassinius
413 2394 573 2432 longinus
623 2398 642 2424 4
670 2404 698 2424 c.
729 2394 890 2424 lucretius
917 2404 945 2424 c.
973 2395 1125 2424 caninius
1153 2394 1277 2424 reuilus
1295 2398 1299 2434 Ι
1318 2394 1337 2424 l.
1366 2395 1479 2425 iunius
1505 2396 1639 2426 annalis

221 2461 291 2503 δίς.
321 2460 436 2502 (Gr-yn.
465 2461 588 2501 Iulius)
639 2461 671 2499 6,
697 2466 715 2491 2
750 2450 876 2492 romaie
926 2460 956 2497 7,
989 2465 999 2491 l
1041 2461 1224 2499 designatis
1260 2462 1481 2502 enimperuuit
1531 2467 1548 2492 2
1577 2463 1640 2494 ho-

220 2529 327 2561 stibus
376 2533 394 2560 3
422 2536 646 2569 praecarcntur
693 2530 724 2567 8,
752 2532 771 2559 2
796 2530 987 2569 puluinaria
1013 2530 1082 2559 dari
1108 2517 1135 2559 i.
1152 2539 1183 2569 p.
1200 2539 1221 2559 x
1238 2528 1308 2570 My.
1331 2529 1498 2562 Em.523.
1520 2531 1643 2572 (Gryu.

217 2587 407 2627 pulvinaria
441 2587 510 2617 dari
545 2586 570 2616 si
599 2596 623 2616 r.
636 2597 667 2626 p.
696 2586 744 2625 X)

1721 2810 1724 2826 -.
1720 2758 1726 2800 υ..
1721 2691 1726 2745 --.
1723 2659 1726 2670 -
1721 2615 1727 2646 ἡ...
1721 2560 1727 2603 ...ο
1721 2299 1729 2547 ψ--.-η-Α.-«-
1722 1786 1733 2288 ---·v--⁴-x--—.7-—--w-—
