1753 2934
339 156 360 190 2
368 156 388 190 ἰ).
898 157 1069 188 Periochae

282 294 398 315 novem
412 281 452 323 ¹),
472 294 573 324 quum
587 291 686 316 antea
701 288 853 327 quaterni
869 287 1017 319 fuissent.
1060 289 1133 320 Lex
1150 289 1190 319 de
1207 290 1445 330 provocatione
1463 292 1503 323 ad
1519 293 1679 334 populum
1731 318 1737 320 -

281 356 300 375 a
327 341 509 385 Murena2)
546 347 682 378 consule
716 348 812 379 tertio
846 356 924 380 tunc
960 349 1029 380 lata.
1065 355 1124 380 est.
1174 350 1259 381 Duae
1285 351 1391 382 tribus
1416 352 1556 383 adiectae
1590 361 1677 392 sunt,

280 407 440 437 Aniensis
469 413 501 438 et
527 407 720 439 Terentina.
770 410 978 442 Samnitibus
1012 410 1137 441 bellum
1173 411 1334 442 indictum
1368 418 1418 444 est
1454 420 1485 444 et
1518 414 1678 447 adversus

280 477 337 499 eos
363 477 450 509 saepe
477 479 635 510 prospere
660 477 844 510 pugnatum
872 478 930 503 est.
985 470 1094 509 Quum
1123 473 1282 504 adversus
1308 473 1485 512 Etruscos,
1520 474 1676 514 Umbros,

279 529 456 568 Samnites,
485 529 602 562 Gallos
629 531 664 562 P.
686 532 791 563 Decio
817 538 849 564 et
877 532 915 571 Q.
931 533 1037 564 Fabio
1063 534 1203 565 ducibus
1228 542 1433 575 pugnaretur
1458 543 1490 568 et
1503 537 1676 569 Romanus

277 592 440 622 exereitus
466 592 500 622 in
526 593 674 624 maximo
701 594 888 625 discrimine
923 601 1031 634 esset,
1070 595 1109 626 P.
1137 595 1280 632 Decius,
1319 602 1451 628 secutus
1487 599 1674 640 exemplum

275 653 394 692 patris,
437 654 569 684 devovit
603 664 638 685 se
663 664 723 695 pro
759 657 909 688 exercitu
942 664 973 687 ct
998 663 1105 687 morte
1140 666 1202 687 sua
1238 657 1408 688 victoriam
1447 659 1518 690 eius
1553 669 1675 700 pugnae

274 713 398 754 populo
437 714 590 746 Romano
627 716 727 746 dedit.
792 717 945 758 Papirius
980 717 1104 748 Cursor
1141 717 1341 749 Samnitium
1380 721 1580 758 exercitum,
1619 721 1674 762 qui

275 773 511 807 iureiurando
537 777 733 818 obstrictus,
770 788 835 819 quo
873 779 996 809 maiore
1024 781 1211 810 constantia
1249 781 1379 812 virtutis
1415 788 1599 822 pugnaret,
1641 784 1673 812 in

274 836 381 866 aciem
407 837 639 874 descenderat,
668 838 762 869 fudit.
817 839 945 871 Census
971 848 1065 871 actus
1083 847 1143 877 est,
1171 841 1313 873 lustrum
1333 843 1513 874 conditum.
1561 841 1674 875 Censa

273 902 350 927 sunt
375 899 497 929 civium
527 901 638 941 capita
658 891 855 933 ‘C'CEX'XII
882 909 912 933 et
936 898 1145 942 CCCXX.³)

840 994 902 1025 EX
930 994 1016 1026 LlB.
1043 994 1104 1026 XI.

368 1064 476 1104 Quum
502 1068 629 1100 Fabius
656 1068 786 1110 Gurges
815 1079 884 1101 cos.
920 1070 1005 1101 male
1039 1071 1198 1102 adversus
1228 1071 1395 1103 Samnites
1426 1079 1608 1112 pugnasset
1640 1080 1674 1103 et

270 1134 405 1159 senatus
441 1130 480 1160 de
513 1132 715 1162 removendo
742 1142 780 1162 eo
813 1132 855 1162 ab
885 1134 1031 1162 exercitu
1058 1139 1191 1172 ageret,
1225 1132 1349 1164 Fabius
1375 1132 1545 1164 Maximus
1578 1139 1673 1175 pater

269 1190 467 1230 deprecatus
502 1191 588 1222 hanc
624 1191 682 1222 filii
722 1193 937 1233 ignominiam
978 1203 1017 1224 eo
1055 1194 1199 1224 maxime
1235 1201 1385 1225 senatum
1423 1194 1542 1233 movit,
1581 1196 1669 1236 quod

268 1251 390 1282 iturum
425 1262 459 1283 se
494 1253 563 1283 filio
590 1253 739 1293 legatum
773 1254 942 1294 pollicitus
974 1263 1040 1292 est,
1077 1255 1175 1295 idque
1200 1255 1365 1296 praestitit.
1413 1255 1495 1288 Eius
1522 1257 1670 1288 consiliis

269 1317 302 1342 et
326 1322 428 1353 opera
462 1314 548 1345 filius
583 1315 699 1345 consul
737 1316 870 1347 adiutus
897 1317 988 1347 caesis
1015 1315 1223 1348 Samnitibus
1250 1316 1481 1357 triumphavit,
1515 1317 1553 1350 C.
1580 1317 1669 1349 Pon—

267 1374 348 1404 tium
384 1375 619 1416 imperatorem
648 1376 865 1414 Samnitium,
900 1379 1034 1408 ductum
1072 1378 1103 1408 in
1139 1377 1326 1418 triumpho,
1365 1379 1470 1409 securi
1495 1378 1669 1419 percussit.

269 1432 376 1471 Quum
405 1437 595 1476 pestilentia
620 1438 734 1469 civitas
759 1438 948 1476 laboraret,
981 1438 1072 1469 missi
1099 1439 1218 1479 legati,
1263 1445 1297 1470 ut
1321 1439 1510 1480 AEsculapii
1535 1440 1667 1479 signum

266 1496 404 1528 Romam
439 1498 480 1529 ab
504 1498 675 1539 Epidauro
709 1500 944 1539 transferrent,
987 1510 1150 1540 anguem,
1189 1501 1244 1540 qui
1282 1510 1317 1531 se
1348 1501 1382 1532 in
1407 1510 1525 1532 navem
1554 1510 1668 1531 eorum

267 1558 463 1596 contulerat,
501 1560 535 1590 in
561 1571 627 1601 quo
654 1562 760 1603 ipsum
788 1572 909 1593 numen
937 1571 1010 1593 esse
1035 1562 1222 1599 constabat,
1251 1562 1526 1603 deportaverunt3
1562 1571 1669 1603 eoque

266 1618 299 1649 in
325 1619 467 1651 insulam
497 1621 627 1653 Tiberis
653 1632 796 1662 egresso,
823 1625 939 1655 eodem
966 1624 1040 1654 loco
1067 1624 1154 1655 aedes
1178 1623 1376 1664 AEsculapio
1403 1624 1582 1655 constituta
1608 1627 1668 1654 cst.

265 1681 302 1712 L.
328 1680 522 1714 Postumius
559 1685 764 1725 consularis,
803 1685 979 1726 quoniam,
1020 1695 1120 1726 quum
1157 1685 1315 1716 exercitui
1350 1691 1524 1726 praeesset,
1567 1694 1666 1726 opera

264 1743 407 1774 militum
434 1745 467 1774 in
493 1753 574 1785 agro
601 1757 661 1777 suo
688 1757 766 1778 usus
793 1753 874 1784 erat,
902 1748 1078 1778 damnatus
1104 1752 1162 1778 est.
1212 1747 1335 1778 Pacem
1362 1746 1552 1788 petentibus
1571 1744 1668 1777 *S'am-
1691 1760 1694 1762 ’

263 1804 373 1835 mitibus
387 1804 494 1837 soedus
514 1815 633 1847 quarto
654 1815 848 1839 renovatum
868 1815 927 1840 est.
980 1807 1101 1839 Curius
1115 1808 1283 1839 Dentatus
1305 1809 1434 1845 consul,
1461 1807 1666 1840 Samnitibus

263 1867 356 1898 caesis
383 1874 416 1898 et
441 1868 591 1906 Sabinis,
627 1870 683 1910 qui
719 1869 982 1907 rebellaverant,
1017 1871 1113 1901 victis
1145 1876 1178 1900 et
1208 1870 1240 1900 in
1275 1870 1478 1901 deditionem
1507 1869 1665 1910 acceptis,

262 1928 314 1959 bis
341 1929 374 1959 in
401 1930 520 1961 eodem
542 1932 740 1971 magistratu
768 1932 994 1973 triumphavit.
1053 1931 1204 1963 Coloniae
1229 1932 1380 1962 deductae
1406 1937 1482 1962 sunt
1499 1930 1664 1968 Castrum,

261 1989 369 2028 Sena,
402 1991 543 2023 Hadria.
605 1993 782 2024 Triumviri
816 1994 976 2035 capitales
1009 2001 1088 2024 tunc
1113 1995 1255 2035 primum
1282 1994 1382 2025 creati
1419 1998 1504 2024 sunt.
1552 1991 1664 2024 Censu

259 2058 335 2082 acto
360 2052 500 2084 lustrum
528 2055 696 2086 conditum
716 2063 773 2087 est.
825 2054 935 2086 Censa
953 2062 1028 2087 sunt
1044 2055 1166 2086 civium
1187 2055 1297 2096 capita
1310 2044 1517 2085 &CLXXIL
1562 2054 1664 2086 Plebs

260 2122 392 2154 propter
427 2125 471 2147 aes
499 2117 644 2148 alienum
679 2124 757 2159 post
790 2127 906 2158 graves
943 2124 975 2148 et
1006 2118 1125 2157 longas
1161 2117 1339 2148 seditiones
1365 2116 1406 2146 ad
1432 2117 1586 2147 ultimum
1611 2126 1664 2149 se-

260 2176 360 2207 cessit
384 2176 418 2207 in
445 2178 643 2215 Ianiculum,
670 2180 757 2210 unde
784 2189 803 2210 a
833 2177 869 2216 Q.
897 2179 1079 2210 Hortensio
1105 2179 1267 2209 dictatore
1295 2178 1438 2208 deducta
1465 2183 1533 2216 est;
1567 2178 1663 2218 isque

259 2238 291 2267 in
318 2238 390 2279 ipso
417 2240 612 2280 magistratu
640 2241 794 2273 decessit.
848 2241 916 2272 Res
951 2245 1112 2281 praeterea
1146 2246 1262 2271 contra
1288 2239 1519 2270 Vulsinienses
1552 2245 1662 2280 gestas

259 2300 418 2339 continet,
452 2301 532 2333 item
559 2302 718 2333 adversus
743 2303 909 2334 Lucanos.
947 2307 1063 2333 contra
1093 2312 1176 2342 quos
1203 2301 1364 2332 auxilium
1392 2300 1551 2332 Thurinis
1576 2300 1662 2332 ferre

257 2361 440 2401 placuerat.
979 2381 982 2383 >

818 2410 881 2440 EX
908 2409 994 2441 LIB.
1022 2409 1100 2440 XII.

351 2483 459 2521 Quum
500 2486 601 2526 legati
639 2487 870 2518 Romanorum
908 2498 928 2518 a
965 2486 1072 2518 Gallis
1107 2485 1296 2518 Senonibus
1333 2485 1498 2517 interfecti
1537 2491 1660 2522 essent,

255 2545 344 2576 bello
370 2546 413 2577 ob
439 2547 470 2577 id
499 2546 606 2580 Gallis
632 2549 776 2586 indicto,
812 2550 850 2580 L.
877 2547 1033 2580 Caecilius
1069 2555 1190 2589 praetor
1222 2548 1263 2578 ab
1294 2548 1341 2579 eis
1367 2557 1442 2578 cum
1469 2546 1659 2587 legionibus

329 2649 352 2681 ¹)
375 2653 502 2677 Fortasse
523 2654 681 2678 exciderim!
702 2654 759 2680 scre
780 2655 852 2679 haer:
876 2654 940 2677 item
962 2652 1134 2683 pontificum,
1157 2654 1187 2676 ut
1208 2655 1298 2676 esseut
1325 2655 1396 2677 octo.
1437 2651 1464 2680 ²)
1486 2651 1522 2676 M.
1545 2650 1656 2676 Valerio

255 2699 308 2722 lis.
329 2707 350 2722 c.
372 2700 396 2723 9.
457 2698 487 2731 ³)
511 2699 634 2724 CCLxu
656 2699 742 2724 millia
763 2699 898 2725 CCCXXI
921 2702 972 2725 Lir.
995 2709 1017 2725 c.
1039 2703 1079 2724 47.

1748 2486 1753 2564 Α
