1753 2934
582 182 656 214 Lib.
683 181 1011 214 XLVIII—XLIX.
1388 183 1437 218 43

96 315 232 357 placuit.
282 313 410 347 Catone
435 319 466 346 et
487 314 562 346 aliis
586 314 791 356 principibus
818 320 954 345 senatus
979 313 1210 351 suadentibus,
1236 313 1322 344 utin
1341 311 1495 344 Africam

97 376 271 408 confestim
304 383 585 418 transportaretur
610 376 786 413 exercitus,
818 377 973 417 quoniam
1000 374 1177 407 Cornelius
1204 375 1325 407 Nasica
1351 374 1496 413 dicebat,

99 440 243 470 nondum
271 439 331 470 sibi
358 439 479 470 iustam
507 448 642 470 causam
670 438 747 469 belli
779 438 901 476 videri,
927 438 1069 480 placuit,
1102 444 1138 468 ut
1165 437 1254 468 bello
1281 437 1495 474 abstinerent,

97 501 124 533 si
165 500 459 540 Carthaginienses
495 500 635 532 classem
673 500 881 531 exussissent
917 506 950 530 et
986 500 1166 531 exercitum
1205 499 1423 536 dimisissent;
1470 497 1496 529 si

98 562 225 600 minus,
257 562 403 615 proximi⁴
427 562 581 593 consules
607 562 647 592 de
673 561 763 593 bello
790 561 919 592 Punico
944 560 1115 592 referrent.
1166 559 1276 598 Quum
1303 560 1451 591 locatum
1477 569 1497 590 a

98 624 292 655 censoribus
318 623 482 654 theatrum
510 630 746 659 exstrueretur,
777 623 813 655 P.
841 621 1002 654 Cornelio
1023 621 1148 653 Nasica
1174 627 1309 653 auctore
1335 628 1496 662 tanquam

97 685 213 716 inutile
239 691 271 716 et
297 687 483 716 nociturum
510 685 653 726 publicis
679 685 825 716 moribus
852 695 893 716 ex
919 682 983 716 SC.
1017 684 1220 714 destructum
1248 689 1309 721 est,
1336 683 1496 725 populus-

98 757 161 789 que
186 747 391 788 aliquamdiu
418 753 508 779 stans
535 746 630 777 ludos
657 747 830 787 spectavit.
882 745 1173 785 CarthagInienses
1209 755 1309 786 quum
1337 746 1497 777 adversus

96 806 207 840 foedus
234 808 358 840 bellum
387 808 574 839 Masinissae
599 808 806 845 intulissent,
838 807 914 838 victi
941 807 982 838 ab
1009 817 1066 845 eo,
1099 817 1205 838 annos
1230 806 1375 838 habente
1401 805 1498 838 XCII

97 875 130 902 et
155 871 225 902 sine
250 870 441 912 pulpamine
467 870 627 900 mandere
653 875 684 900 et
707 869 760 907 †si
788 875 937 909 gustaret
961 878 1081 910 panem
1092 865 1122 909 ¹)
1148 874 1278 900 tantum
1305 869 1415 910 solito,
1446 869 1497 900 iu-

97 942 198 974 super
222 933 411 964 Romanum
438 932 564 964 bellum
591 937 789 963 meruerunt.

631 992 694 1024 EX
719 992 806 1024 LIB.
834 991 962 1025 XLIX.

195 1055 297 1087 Tertii
316 1054 433 1087 Punici
459 1054 537 1085 belli
563 1055 694 1085 initium
721 1054 828 1085 altero
854 1058 887 1085 et
914 1053 1159 1085 sexcentesimo
1187 1052 1230 1083 ab
1257 1051 1336 1082 urbe
1362 1051 1500 1082 condita

100 1126 199 1153 anno,
227 1117 313 1147 intra
339 1117 491 1157 quintum
518 1126 662 1153 annum,
698 1125 799 1156 quam
825 1122 895 1146 erat
921 1121 1086 1157 coeptum,
1122 1114 1357 1146 consummati.
1406 1113 1500 1145 Inter

97 1178 145 1210 M.
173 1178 331 1209 Porcium
359 1177 522 1210 Catonem
558 1185 591 1209 et
629 1178 820 1219 Scipionem
854 1176 1031 1214 Nasicam,
1068 1186 1209 1218 quorum
1247 1175 1333 1206 alter
1367 1175 1500 1216 sapien-

98 1239 247 1271 tissimus
272 1240 322 1270 vir
346 1240 378 1270 in
406 1240 538 1271 civitate
572 1239 775 1275 habebatur,
813 1238 898 1269 alter
931 1237 1077 1278 optimus
1110 1237 1159 1268 vir
1192 1237 1291 1268 etiam
1328 1248 1347 1268 a
1381 1242 1499 1269 senatu

97 1300 264 1332 iudicatus
290 1306 371 1337 erat,
398 1301 536 1332 diversis
563 1308 722 1332 certatum
747 1300 920 1332 sententiis
946 1306 1004 1336 est,
1033 1298 1162 1331 Catone
1188 1300 1349 1330 suadente
1374 1299 1499 1330 bellum

98 1367 131 1393 et
166 1368 202 1393 ut
237 1362 408 1393 tolleretur
443 1363 675 1402 delereturque
702 1360 888 1401 Carthago,
925 1361 1048 1394 Nasica
1080 1361 1304 1393 dissuadente.
1367 1361 1501 1392 Placuit

98 1430 222 1461 tamen,
251 1425 339 1465 quod
367 1431 483 1456 contra
509 1424 617 1456 soedus
643 1435 746 1455 naves
772 1424 944 1461 haberent,
971 1424 1060 1465 quod
1087 1422 1270 1454 exercitum
1298 1429 1393 1453 extra
1417 1423 1500 1455 fines

98 1486 294 1524 duxissent,
334 1486 424 1526 quod
457 1486 548 1517 socio
580 1486 694 1527 populi
720 1486 864 1517 Romani
900 1492 932 1517 et
969 1486 1077 1517 amico
1102 1485 1292 1516 Masinissae
1325 1494 1418 1515 arma
1449 1485 1500 1515 in·

98 1547 270 1584 tulissent,
307 1548 395 1588 quod
421 1547 526 1578 filium
553 1548 622 1578 eius
651 1548 851 1586 Gulussam,
887 1547 943 1588 qui
977 1557 1051 1578 cum
1077 1547 1196 1587 legatis
1221 1547 1384 1577 Romanis
1418 1552 1499 1585 erat,

98 1609 132 1640 in
175 1609 334 1650 oppidum
376 1619 444 1640 non
484 1610 706 1650 recepissent,
751 1610 876 1641 bellum
918 1609 965 1640 eis
1000 1609 1112 1640 indici.
1189 1607 1389 1649 Priusquam
1423 1608 1501 1640 ullae

99 1671 204 1712 copiae
240 1671 274 1702 in
308 1680 410 1702 naves
443 1671 709 1712 imponerentur,
751 1670 926 1703 Uticenses
956 1672 1059 1711 legati
1090 1672 1234 1703 Romam
1268 1676 1431 1702 venerunt
1467 1680 1502 1702 se

99 1742 226 1773 suaque
259 1733 373 1764 omnia
397 1733 568 1764 dedentes.
621 1733 672 1764 Ea
697 1733 821 1772 legatio
848 1733 939 1764 velut
957 1743 1054 1765 omen
1075 1739 1171 1774 grata
1192 1732 1354 1774 patribus,
1381 1733 1502 1764 acerba

102 1794 434 1835 Carthaginiensibus
469 1794 542 1826 suit.
611 1795 699 1826 Ludi
733 1795 819 1836 patri
855 1793 926 1824 Diti
961 1793 1003 1824 ad
1037 1793 1222 1823 Tarentum
1259 1802 1301 1824 ex
1335 1798 1501 1834 praecepto

99 1857 261 1888 librorum
304 1855 402 1898 facti,
449 1857 505 1898 qui
546 1863 618 1889 ante
663 1866 787 1888 annum
829 1856 1045 1888 centesimum
1083 1853 1190 1895 primo
1225 1854 1354 1885 Punico
1397 1854 1500 1894 bello,

100 1918 368 1959 quingentesimo
405 1924 437 1950 et
471 1919 577 1950 altero
603 1929 691 1950 anno
727 1919 768 1950 ab
802 1918 884 1949 urbe
918 1917 1062 1952 condita,
1097 1914 1176 1947 sacti
1209 1921 1314 1948 erant.
1384 1915 1503 1956 Legati

99 1979 203 2010 XXX
252 1980 396 2011 Romam
439 1986 617 2018 venerunt,
671 1990 731 2022 per
778 1989 860 2020 quos
909 1988 942 2010 se
984 1976 1280 2018 Carthaginienses
1323 1978 1500 2010 dedebant.

101 2040 240 2074 Catonis
283 2041 449 2072 sententia
486 2041 602 2080 evicit,
652 2048 688 2072 ut
728 2041 761 2072 in
798 2041 933 2071 decreto
969 2046 1174 2081 perstaretur
1207 2046 1240 2071 et
1275 2046 1311 2070 ut
1346 2040 1502 2071 consules

101 2113 200 2145 quam
225 2103 368 2144 primum
395 2103 435 2133 ad
463 2102 589 2134 bellum
615 2102 915 2144 proficiscerentur.
967 2101 1033 2140 Qui
1060 2102 1116 2132 ubi
1155 2101 1189 2132 in
1216 2100 1369 2132 Africam
1395 2107 1502 2133 trans-

102 2165 226 2202 ierunt,
262 2165 424 2206 acceptis,
460 2174 544 2205 quos
570 2166 822 2206 imperaverant,
849 2163 937 2195 CCC
965 2163 1138 2195 obsidibus
1165 2167 1198 2193 et
1221 2163 1321 2194 armis
1347 2163 1502 2195 omnibus

101 2225 397 2267 instrumentisque
424 2226 522 2263 belli,
558 2226 585 2257 si
618 2237 684 2268 qua
710 2225 916 2266 Carthagine
953 2232 1062 2265 erant,
1101 2235 1202 2266 quum
1237 2234 1280 2254 ex
1304 2225 1503 2256 auctoritate.

101 2293 233 2329 patrum
260 2287 423 2325 iuberent,
450 2293 487 2319 ut
511 2288 544 2318 in
571 2288 672 2319 alium
698 2288 820 2326 locum,
849 2289 929 2319 dum
947 2298 967 2319 a
983 2287 1067 2318 mari
1091 2277 1134 2319 X
1151 2298 1311 2329 passuum
1330 2297 1371 2318 ne
1393 2287 1503 2318 minus

101 2354 288 2386 remotum,
321 2349 480 2391 oppidum
506 2348 740 2387 transferrent,
769 2350 969 2389 indignitate
995 2350 1042 2380 rei
1068 2350 1111 2380 ad
1137 2349 1331 2380 bellandum
1362 2348 1502 2381 Cartha-

103 2411 272 2451 ginienses
303 2411 547 2452 compulerunt.
599 2410 753 2442 Obsideri
787 2411 1041 2452 oppugnarique
1069 2418 1179 2453 coepta
1213 2418 1263 2443 est
1287 2410 1458 2451 Carthago
1484 2421 1504 2442 a

102 2471 142 2503 L.
170 2472 320 2509 Marcio,
356 2472 414 2503 Μ’.
445 2471 588 2503 Manilio
625 2483 729 2512 coss.‚
765 2474 800 2504 iu
832 2484 898 2514 qua
924 2474 1173 2515 oppugnatione
1199 2483 1302 2514 quum
1328 2473 1503 2512 neglectos

103 2533 146 2564 ab
171 2543 238 2564 una
263 2539 358 2574 parte
383 2543 497 2565 muros
524 2534 590 2565 duo
616 2535 739 2566 tribuni
765 2541 887 2566 temere
901 2545 978 2566 cum
995 2535 1190 2567 cohortibus
1215 2536 1284 2567 suis
1307 2535 1505 2576 irrupissent

103 2599 136 2625 et
168 2595 209 2626 ab
244 2594 422 2636 oppidanis
456 2596 599 2636 graviter
632 2597 855 2633 caederentur,
893 2607 913 2627 a
946 2596 1103 2638 Scipione
1128 2596 1317 2637 †Orfitiano
1353 2595 1504 2637 expliciti

102 2661 196 2694 sunt3
229 2665 289 2697 per
324 2666 420 2697 quem
453 2664 485 2688 et
517 2657 691 2688 castellum
717 2658 966 2699 Romanorum,
1005 2659 1096 2700 quod
1122 2664 1221 2692 nocte
1247 2657 1502 2701 expugnabant,

178 2738 204 2772 ¹)
223 2741 353 2766 Fortasse
371 2741 452 2766 scrib.
474 2741 502 2765 et
519 2740 624 2766 siccum
649 2743 759 2773 gustare
779 2747 890 2772 panem.
