1742 2902
273 139 345 176 126
613 136 717 168 Liber
740 135 870 167 xmn.
925 135 984 176 (A.
1011 146 1043 167 u.
1072 146 1100 168 e.
1129 137 1224 179 584.)

158 263 178 296 5
209 266 302 297 rent.
379 258 626 295 Cretensibus
665 271 749 295 curn
790 260 864 296 hoe
903 272 1088 308 responso
1121 259 1305 305 dimissis,
1350 258 1621 299 Chalcidenses

209 329 354 371 vocati;
389 340 550 375 quorum
582 327 724 375 legatio
754 329 838 377 ipso
872 329 1041 374 introitu,
1072 330 1120 365 ob
1152 329 1187 365 id
1213 330 1314 377 quod
1342 317 1484 366 Mic-ion
1515 331 1621 379 prin-

209 410 297 445 ceps
329 410 458 432 eorum
490 397 650 444 pedibus
695 406 829 446 captus
860 399 994 434 lectica
1026 404 1082 434 est
1112 399 1333 444 introlatus,
1379 400 1520 436 ultimae
1555 413 1620 437 ne-

155 472 175 506 6
207 466 395 502 cess-itatis
427 467 620 514 extemplo
651 467 735 503 visa
765 475 844 511 est,
883 469 918 504 in
951 481 1028 516 qua
1057 469 1112 505 ita
1143 468 1293 504 adfecto
1324 470 1520 506 excusatio
1551 482 1620 507 va·

205 535 382 571 letudinis
435 543 499 572 aut
543 549 590 572 ne
632 537 702 585 ipsi
746 538 897 584 quidem
942 539 1107 586 petenda
1154 539 1237 574 visa
1277 538 1376 573 foret
1421 544 1485 574 aut
1529 539 1621 577 data

153 611 171 644 7
205 605 347 653 petenti
387 618 464 641 non
504 613 614 641 esset.
697 606 792 643 Cum
833 608 903 642 sibi
940 609 1029 643 nihil
1061 608 1138 643 vivi
1168 607 1322 649 relicum
1364 615 1619 656 praetcrquam

204 675 373 722 linguam
422 669 474 710 ad'
515 675 772 723 deplorandas
829 677 962 723 patriae
1015 689 1093 712 suae
1149 677 1386 712 calamitates
1437 677 1620 725 praefatus

206 751 316 781 esset.
349 745 529 791 exposuit
560 745 724 781 civit-atis
758 745 920 793 primum
954 759 1031 782 suae
1062 746 1263 783 benefacta
1285 753 1321 782 et
1341 752 1472 782 vetera
1502 754 1540 783 et
1561 760 1619 794 ea,

205 826 289 861 quae
320 814 451 849 Persei
494 814 594 849 bello
634 815 898 862 praestitissent
939 816 1098 852 ducibus
1134 816 1438 863 exercitibusque
1474 817 1618 854 Roma-

150 883 171 919 8
202 884 278 926 nis3
310 890 401 927 tum,
437 896 522 930 quae
551 884 675 932 primo
708 884 749 922 C.
787 885 986 920 Lucretius
1027 886 1063 921 iu
1105 887 1311 935 populares
1348 898 1438 921 suos
1478 894 1619 934 praetor

202 955 402 990 Romanus
431 955 617 1002 superbe,
649 967 785 990 avare.
813 955 1016 991 crudeliter
1046 956 1221 999 fecisset3
1254 956 1401 999 deinde,
1422 968 1506 1003 quae
1536 963 1615 993 tum

149 1025 170 1061 9
203 1036 287 1060 cum
327 1023 493 1059 maxime
539 1024 584 1060 L.
616 1025 845 1060 Hortensius
887 1024 1043 1063 faceret.
1110 1024 1443 1072 Quemadmodum
1489 1027 1618 1064 omnia

201 1094 286 1137 sibi,
321 1094 433 1129 etiam
469 1093 536 1134 iis,
569 1106 651 1141 quae
683 1095 898 1142 patiantur,
930 1095 1121 1132 tristiora.
1152 1094 1333 1142 patienda
1364 1107 1445 1131 esse
1476 1095 1618 1133 ducant

200 1161 347 1212 potius,
380 1175 494 1210 quam
526 1163 600 1198 fide
631 1163 836 1200 decedant.
868 1165 941 1208 sic,
981 1165 1084 1212 quod
1116 1165 1164 1200 ad
1200 1165 1413 1200 Lucretium
1447 1165 1616 1201 Horten-

199 1234 375 1280 siumque
406 1232 608 1277 attineret,
651 1233 768 1278 scire,
812 1234 929 1270 tutius
965 1234 1082 1270 fuisse
1113 1235 1289 1270 claudere
1326 1240 1457 1282 portas
1499 1246 1615 1282 quam

120 1304 167 1340 10
198 1303 236 1339 in
278 1304 408 1338 urbem
449 1315 514 1338 eos
563 1303 746 1350 accipere.
825 1304 899 1350 Qui
945 1304 1194 1339 exclusissent,
1238 1316 1327 1348 eos,
1380 1303 1615 1349 Emathiam,

198 1372 487 1420 Amphipolim,
534 1371 781 1417 Maroneam,
822 1374 982 1417 AEnum,
1028 1373 1237 1409 incolumes
1283 1385 1385 1417 esse;
1433 1380 1525 1421 aput
1574 1385 1615 1410 se

197 1441 341 1488 templa
373 1440 548 1476 omnibus
581 1443 815 1478 ornamentis
854 1442 1073 1490 conpilata,
1114 1443 1315 1491 spoliaque
1354 1443 1543 1490 sacrilegii
1570 1441 1612 1482 C.

197 1511 417 1546 Lucretium
449 1511 611 1546 navibus
643 1513 801 1548 Antium
836 1513 1055 1557 devexisse,
1102 1512 1223 1549 libera
1261 1525 1425 1560 corpora
1465 1513 1502 1548 in
1533 1524 1612 1549 ser-

197 1579 354 1614 vitutem
401 1579 582 1627 abrepta,
630 1580 805 1616 fortunas
843 1582 1033 1617 sociorum
1078 1583 1209 1630 populi
1240 1583 1404 1619 Romani
1443 1582 1612 1630 direptas

119 1655 159 1691 11
199 1662 281 1685 esse
313 1656 346 1685 et
374 1649 513 1684 cotidie
544 1650 667 1698 diripi.
747 1652 849 1688 Nam
895 1665 941 1687 ex
981 1652 1152 1688 instituto
1184 1651 1226 1688 C.
1258 1652 1410 1688 Lucreti
1442 1652 1610 1688 Horten-

197 1719 293 1755 sium
337 1732 490 1766 quoque
535 1719 572 1755 in
614 1721 721 1756 tectis
759 1721 882 1757 hicme
930 1722 1073 1769 pariter
1120 1722 1245 1769 adque
1282 1729 1413 1758 aestatc
1453 1721 1611 1757 navales

196 1789 322 1825 socios
367 1790 532 1834 habere,
578 1796 614 1825 et
659 1791 794 1825 domos
843 1802 931 1826 suas
982 1791 1115 1838 plenas
1157 1786 1270 1827 turba
1314 1791 1467 1826 nautica
1507 1802 1612 1835 esse;

196 1858 343 1893 versari
375 1858 472 1893 inter
502 1871 554 1900 se,
586 1860 778 1907 coniuges,
811 1860 1027 1908 liberosque
1058 1872 1160 1905 suos,
1193 1861 1329 1907 quibus
1359 1859 1453 1896 nihil
1487 1871 1613 1907 neque

197 1928 322 1964 dicere
353 1928 459 1976 pensi
491 1928 540 1963 sit
569 1942 691 1976 neque
722 1930 860 1965 facere.

308 1999 519 2033 Accersere
549 1999 586 2034 in
617 2006 789 2035 senatum
822 1999 1041 2035 Lucretium
1080 1998 1244 2047 placuit,
1293 2003 1334 2034 ut
1380 1998 1612 2046 disceptaret

142 2074 162 2108 2
196 2078 325 2102 coram
359 2076 618 2116 purgaretque
648 2081 743 2107 sese.
823 2068 1001 2105 Ceterum
1043 2069 1162 2105 multo
1204 2069 1315 2117 plura
1344 2079 1511 2115 praesens
1543 2079 1610 2103 au-

196 2137 309 2181 divit,
352 2150 466 2184 quam
503 2137 541 2173 in
583 2139 778 2174 absentem
816 2138 918 2174 iacta
950 2146 1076 2183 erant3
1123 2145 1160 2175 et
1190 2138 1389 2186 graviores
1419 2136 1610 2185 potentio-

195 2294 226 2333 5,
257 2299 269 2325 1
301 2296 507 2326 culcidcnses
565 2299 583 2325 2
612 2295 654 2325 ob
681 2296 704 2325 it
726 2294 731 2334 Ι
754 2295 920 2326 Belli-erus
935 2295 1110 2336 Micythio,
1130 2293 1199 2325 coll.
1222 2293 1389 2331 XXXV,
1405 2293 1462 2331 38,
1478 2291 1537 2329 50,
1553 2291 1609 2324 51.

196 2356 216 2382 4
253 2354 327 2383 uisa
361 2364 409 2383 res
444 2363 477 2383 in
503 2352 612 2383 Drak.
653 2352 683 2388 G,
711 2357 721 2382 l
754 2352 889 2383 adfecta
957 2351 987 2387 7,
1016 2358 1032 2382 2
1060 2353 1192 2391 linguas
1226 2351 1288 2390 (N.
1317 2353 1466 2391 linguam
1495 2359 1566 2380 esse
1579 2349 1610 2389 ἲ)

194 2409 228 2447 8,
255 2413 273 2439 2
313 2419 516 2449 supet-ancre
550 2409 730 2439 crudeliter
756 2409 874 2441 secisse
925 2409 956 2445 9,
985 2414 1002 2439 2
1031 2410 1131 2439 ctiam
1159 2409 1186 2439 is
1235 2412 1253 2439 3
1282 2419 1380 2449 quam
1416 2409 1486 2438 sine
1511 2407 1614 2441 decc-t

195 2466 330 2505 dansstur
355 2467 401 2497 sic
418 2466 548 2508 Kreyss.
576 2466 697 2508 (Gryu.
717 2477 814 2508 quam
843 2477 877 2498 sc
904 2468 1028 2498 dedant
1046 2466 1276 2506 l'crsi.quo‹l)
1327 2465 1380 2502 10,
1397 2469 1415 2495 2
1436 2472 1610 2495 maronem

196 2529 215 2556 3
243 2525 452 2565 spoliataque
479 2525 665 2563 sacrilegiis
688 2524 786 2556 (ἔκ-οη.
837 2528 856 2554 4
885 2525 991 2555 libera
1019 2534 1160 2564 corpora
1187 2524 1330 2554 liberata
1355 2524 1387 2553 in
1440 2525 1458 2552 6
1486 2521 1610 2552 cotidie

196 2582 249 2612 die
279 2581 376 2622 diripi
442 2581 494 2619 11,
522 2585 540 2611 2
568 2582 699 2612 naualis
757 2585 773 2612 5
802 2583 1004 2622 pensisincq.
1044 2582 1189 2612 facerem
1219 2580 1329 2623 Slyon.
1367 2578 1489 2621 (Gryn.
1514 2577 1611 2619 pensi

194 2660 306 2692 neque
331 2649 461 2691 facere)
511 2650 609 2688 VIII,
636 2651 666 2689 2,
698 2654 710 2681 1
739 2641 862 2692 plui-acl
886 2659 1033 2691 praesens
1058 2637 1198 2681 audiuiti
