1742 2902
482 92 583 124 Liber
608 92 716 124 xm.
769 94 826 133 (A.
858 93 935 125 chr.
969 95 1059 131 ιη.)
1374 97 1425 133 65

64 216 209 259 omnia,
254 225 338 261 quae
368 213 532 262 populus
565 214 1045 262 Romanussimperasser,
1095 222 1356 263 praestaturos.
1434 217 1486 253 Et

66 284 241 321 civitates
270 283 395 319 socias
426 283 572 327 adisse3
603 289 749 319 ceteras
780 283 873 319 satis
896 284 1011 327 fidas,
1052 285 1224 321 Rhodios
1258 286 1485 322 fluctuantes

69 360 106 390 et
135 354 287 389 inbutos
320 352 451 387 Persei
484 351 651 387 consiliis
681 351 884 389 invenisse.
963 353 1159 390 Venerant
1194 354 1335 392 Rhodii
1370 355 1486 403 legati

66 423 117 459 ad
148 421 350 470 purganda
381 433 447 463 ea,
492 433 575 468 quae
608 421 722 468 volgo
753 421 886 457 iactari
927 422 973 457 de
1005 423 1158 459 civitate
1190 424 1383 468 sciebantq
1427 436 1487 461 ce-

69 498 190 528 terum
222 497 395 526 senatum
441 489 486 525 iis
523 502 598 526 non
624 492 733 537 prius
776 491 872 535 dari,
908 504 1016 538 quam
1046 492 1130 528 novi
1161 493 1336 529 consules
1367 494 1488 542 magi-

66 566 230 597 stratum
262 559 430 603 inissent,
463 559 615 606 placuit.

178 629 275 665 Belli
294 635 522 677 apparatum
537 641 612 664 non
630 627 880 665 differendum
899 637 1137 666 censuerunt.
1170 630 1214 668 C.
1227 631 1374 668 Licinio
1393 643 1488 680 prae-

68 699 141 735 tori
158 699 352 746 negotium
375 698 499 740 datur,
515 704 555 733 ut
579 710 626 734 ex
649 699 841 734 veteribus
865 699 1203 747 quinqueremibus
1226 701 1262 736 in
1287 701 1491 737 navalibus

70 770 205 805 Romae
235 767 450 811 subductis,
483 779 568 814 quae
598 775 752 815 possent
786 768 869 804 usui
900 780 1001 813 esse,
1035 770 1229 813 reficeret,
1261 777 1492 818 pararetque

71 849 190 873 naves
208 837 499 884 quinquaginta.
548 836 588 873 Si
615 837 703 883 quid
730 837 778 872 ad
794 849 879 873 eum
900 850 1101 874 numerum
1127 838 1357 886 explendum
1380 839 1492 876 dees-

70 914 140 950 set,
161 905 205 944 C.
222 906 404 942 Memmio
427 905 582 953 collegae
604 906 640 941 in
659 906 828 942 Siciliam
854 907 1050 950 scriberet,
1083 915 1122 943 ut
1153 919 1230 950 eas,
1263 920 1346 955 quae
1376 908 1414 943 in
1433 908 1492 945 Si-

70 976 161 1012 cilia
192 987 311 1011 naves
342 982 488 1019 essent,
533 976 705 1011 reficeret
746 976 873 1022 adque
911 977 1127 1023 expediret,
1172 984 1214 1012 ut
1243 977 1491 1013 Brundisium

72 1045 196 1094 primo
228 1057 382 1092 quoque
412 1051 584 1092 tempore
616 1044 711 1080 mitti
742 1051 912 1092 possent.
973 1045 1108 1082 Socios
1139 1047 1298 1082 navales
1328 1046 1495 1083 libertini

72 1115 218 1151 ordinis
249 1114 285 1150 in
303 1113 436 1161 viginti
452 1120 487 1150 et
507 1114 674 1161 quinque
690 1126 809 1150 naves
829 1127 877 1150 ex
895 1114 1042 1151 civibus
1059 1115 1246 1152 Romanis
1264 1115 1306 1151 C.
1326 1115 1496 1152 Licinius

74 1191 216 1232 praetor
237 1183 405 1220 scribere
421 1183 564 1226 iussus3
596 1183 633 1219 in
653 1184 820 1231 quinque
842 1190 878 1220 et
895 1184 1029 1232 viginti
1054 1197 1186 1232 parem
1204 1197 1404 1221 numerum
1425 1184 1496 1223 Cn.

73 1253 242 1291 Sicinius
282 1253 396 1289 sociis
437 1253 662 1301 imperaret3
710 1253 808 1289 idem
849 1260 992 1301 praetor
1033 1254 1202 1302 peditum
1237 1255 1342 1291 VIII
1380 1254 1497 1299 milia,

74 1322 211 1360 CCCC
241 1324 376 1370 equites
413 1323 461 1358 ab
499 1322 612 1358 sociis
646 1323 772 1358 Latini
812 1323 976 1359 nominis
1007 1323 1189 1371 exigeret.
1256 1324 1370 1360 Hunc
1401 1324 1498 1360 mili-

76 1398 152 1428 tem
186 1392 251 1440 qui
283 1392 465 1428 Brundisi
496 1391 688 1440 acciperet
718 1393 844 1439 adque
874 1392 912 1428 in
937 1393 1208 1429 Macedoniam
1240 1394 1418 1439 mitteret,
1448 1395 1499 1430 A.

79 1461 223 1498 Atilius
254 1461 458 1505 Serranus,
489 1461 553 1508 qui
583 1461 712 1509 priore
742 1473 843 1497 anno
878 1468 1020 1509 praetor
1036 1461 1176 1507 fuerat,
1206 1463 1394 1511 deligitur.
1428 1462 1500 1500 Cn.

79 1531 246 1569 Sicinius
276 1537 418 1579 praetor
448 1537 488 1566 ut
518 1531 725 1566 exercitum
761 1537 940 1579 paratum
973 1532 1022 1567 ad
1047 1532 1312 1569 traiiciendum
1330 1533 1503 1577 haberet,

79 1600 126 1637 C.
158 1600 312 1649 Popilio
349 1600 495 1636 consuli
531 1612 578 1635 ex
623 1600 852 1636 auctoritate
893 1607 1049 1637 senatus
1080 1600 1124 1638 C.
1154 1601 1324 1638 Licinius
1363 1607 1505 1650 praetor

81 1670 235 1715 scribit,
281 1674 321 1705 ut
352 1674 388 1705 et
417 1669 606 1717 legionem
641 1670 873 1715 secundam,
919 1683 1004 1718 quae
1042 1683 1223 1707 maxume
1252 1677 1438 1707 veterana
1466 1671 1504 1707 in

83 1739 291 1788 Liguribus
323 1745 417 1783 erat,
467 1745 504 1774 et
534 1752 555 1775 e
585 1739 698 1775 sociis
728 1739 858 1775 Latini
903 1740 1068 1776 nominis
1093 1741 1154 1777 IV
1186 1740 1292 1777 milia
1321 1741 1507 1788 peditum,

83 1807 151 1845 CC
187 1808 333 1856 equites
373 1808 500 1844 idibus
542 1809 765 1845 Februariis
807 1809 989 1845 Brundisi
1027 1810 1163 1846 adesse
1198 1810 1357 1846 iuberet.
1420 1810 1508 1846 Hac

83 1878 208 1914 classe
252 1884 288 1914 et
329 1879 403 1914 hoc
443 1878 612 1914 exercitu
653 1877 722 1914 Cn.
753 1877 919 1915 Sicinius
965 1879 1203 1927 provinciam
1237 1879 1507 1916 Macedoniam

84 1947 271 1996 optinere,
308 1948 428 1984 donec
457 1959 657 1984 successor
684 1947 852 1993 veniret,
886 1948 1024 1994 iussus,
1054 1953 1267 1996 prorogato
1296 1948 1335 1984 in
1367 1960 1508 1985 annum

87 2088 109 2115 4
133 2084 218 2115 fidas
253 2084 362 2115 socios
392 2082 462 2124 My.
490 2082 562 2114 Em.
591 2081 674 2113 522.
713 2081 828 2123 (Gryn.
856 2082 960 2119 fidas,
1004 2083 1094 2113 solos
1120 2083 1290 2119 Rhodios)
1312 2082 1317 2121 Ι
1340 2081 1512 2113 fluctuatis

90 2144 107 2171 5
135 2141 272 2172 consilis
337 2140 368 2178 9,
406 2144 419 2170 l
455 2139 528 2170 rodi
590 2142 609 2169 3
644 2139 684 2169 iis
723 2149 791 2170 non
826 2140 860 2169 ui
898 2139 1053 2170 consules
1094 2138 1178 2180 My„
1226 2138 1347 2169 Vahlen
1387 2138 1511 2181 (δν-9η.

89 2209 131 2240 iis
158 2209 242 2247 dari,
268 2218 372 2249 quum
398 2208 478 2239 novi
503 2208 680 2246 consules)
746 2206 898 2245 XXVII,
938 2207 969 2244 1,
998 2211 1016 2238 2
1048 2197 1369 2248 quinqueremicbus
1397 2208 1513 2239 3sub-

89 2266 167 2297 ditis
203 2265 236 2303 2,
253 2269 272 2296 2
287 2266 321 2296 in
347 2264 487 2296 siciliam
510 2274 614 2295 naues
634 2274 738 2295 essem
778 2264 809 2300 3,
830 2268 842 2294 l
864 2264 977 2295 liberti
1004 2263 1127 2301 (Koch.
1156 2265 1294 2296 navales
1322 2275 1365 2296 ex
1384 2265 1516 2297 civibus

91 2323 253 2354 Romanis
277 2322 427 2353 libertini
442 2322 624 2352 ordinis·
640 2331 744 2352 naves
757 2321 969 2359 C.Licinius,
995 2320 1064 2352 coll.
1078 2320 1288 2360 XLIII,12,
1300 2321 1335 2362 9)
1363 2326 1381 2353 2
1400 2322 1518 2353 licinio

93 2394 114 2420 4
141 2391 293 2431 peditum
322 2401 377 2421 vm
391 2397 482 2423 cet-[u
499 2400 537 2420 ac
553 2391 654 2421 sociis
670 2388 790 2431 (Gryn.
808 2389 928 2429 asoc.)
956 2389 989 2427 4,
1006 2393 1024 2420 2
1051 2396 1231 2431 acceperet
1256 2395 1275 2422 3
1303 2400 1444 2422 seranus
1486 2390 1518 2427 5,

93 2462 113 2489 2
138 2469 188 2499 pr.
217 2460 274 2499 qui
299 2464 336 2489 ut
361 2458 545 2489 exercitum
573 2456 727 2499 Kreyss.;
765 2457 864 2499 Gryn.
893 2468 953 2488 om.
981 2464 1018 2488 ut
1045 2457 1141 2496 (Non
1167 2464 1247 2489 recte
1274 2456 1312 2488 de
1339 2457 1405 2490 h.l.
1435 2456 1521 2489 iudi·

93 2514 253 2546 caviEm.
269 2514 361 2555 523)
384 2516 388 2554 Ι
410 2515 598 2556 parandum
651 2518 668 2545 5
698 2520 730 2545 et
756 2516 841 2546 socis
868 2514 941 2556 My.
960 2514 1032 2546 Em.
1053 2515 1127 2546 523
1154 2514 1278 2557 (Gryn.
1307 2520 1340 2546 et
1365 2516 1518 2556 socios)}

78 2590 169 2612 .⁴1ut·
208 2583 357 2623 peditum
385 2589 449 2615 ‚ctu
477 2583 608 2622 equites
637 2586 654 2612 6
670 2582 752 2613 idib.
770 2582 836 2613 feb.
857 2582 859 2591 ³
877 2584 996 2615 adesse
1022 2584 1086 2614 hac
1113 2584 1226 2614 classe
1251 2584 1382 2614 iuberet
1407 2588 1442 2614 et
1458 2583 1524 2621 hoc

131 2645 228 2669 Livius
250 2652 285 2669 ex
306 2652 359 2669 rec.
382 2645 526 2675 Madvigii.
574 2646 636 2669 VII.
1219 2647 1236 2673 5

1535 1464 1555 1495 v!

1547 625 1599 669 27
