1753 2934
619 163 688 194 Lib.
718 162 891 194 vul-x.
1355 166 1398 202 ‘21

66 292 240 324 creditoris
281 293 472 330 libidinem,
514 290 570 330 qui
611 290 647 321 C.
683 290 830 321 Publilio
869 292 1007 324 debitori
1051 304 1110 325 suo
1152 301 1302 335 stuprum
1342 294 1460 326 inferre

66 354 222 386 voluerat.
281 353 390 392 Quum
423 354 460 384 L.
487 351 640 393 Papirius
677 351 799 382 Cursor
836 353 979 384 dictator
1012 364 1161 386 reversus
1194 356 1228 386 in
1265 356 1381 387 urbem
1418 357 1459 387 ab

64 416 213 446 exercitu
239 421 326 446 esset
350 421 486 455 propter
510 413 657 453 auspicia
684 413 873 453 repetenda,
901 414 941 453 Q.
961 415 1089 447 Fabius
1116 417 1273 455 magister
1300 418 1459 458 equiturn,

65 477 242 507 occasione
276 477 358 507 bene
392 476 545 516 gerendae
581 475 625 505 rei
654 475 827 514 invitatus,
869 483 983 507 contra
1015 477 1158 508 edictum
1199 479 1267 509 eius
1303 488 1460 520 prospere

64 537 224 569 adversus
251 537 416 569 Samnites
442 536 614 577 pugnavit.
675 535 726 567 Ob
762 545 835 567 eam
869 546 1003 567 causam
1031 547 1131 578 quum
1159 539 1300 569 dictator
1325 540 1365 569 de
1391 549 1460 570 ma-

65 599 168 639 gistro
193 598 340 638 equitum
368 598 568 639 supplicium
596 604 785 638 sumpturus
811 598 984 638 videretur,
1011 599 1137 630 Fabius
1156 600 1295 631 Romam
1315 600 1461 640 profugit

66 665 110 696 et,
143 669 243 700 quum
270 670 384 701 parum
412 669 514 690 causa
545 659 737 700 proliceret,
776 659 887 699 populi
925 660 1078 700 precibus
1112 663 1252 692 donatus
1283 669 1342 692 cst.
1394 663 1460 693 Res

64 727 225 763 praetcrea
250 727 366 752 contra
392 721 558 752 Samnites
582 729 738 761 prospere
765 727 876 759 gestas
905 721 1060 752 continet.

632 827 694 858 Ex
720 827 807 857 LIB.
836 827 894 858 lx.

159 906 195 937 T.
235 904 411 943 Veturius,
458 906 514 945 Sp.
559 904 750 934 Postumius
800 914 882 935 coss.
926 905 1013 945 apud
1055 906 1165 936 furcas
1204 904 1370 936 Caudinas
1405 906 1461 936 de-

64 968 164 998 ducto
190 968 223 997 in
254 967 363 998 locum
383 973 491 997 artum
510 966 669 1003 exercitu,
695 976 794 1006 quum
821 976 896 1007 spes
921 967 1014 997 nulla
1031 973 1117 998 esset
1135 967 1308 1005 evadendi,
1335 966 1461 998 foedere

64 1039 137 1060 cum
165 1029 371 1061 Samnitibus
406 1027 493 1058 facto
520 1033 553 1058 et
577 1029 744 1058 sexcentis
777 1029 943 1069 equitibus
970 1029 1131 1060 Romanis
1165 1028 1337 1059 obsidibus
1363 1028 1460 1059 datis.

64 1092 109 1122 ita
135 1091 316 1122 exercitum
343 1089 570 1128 abduxerunt,
607 1094 643 1118 ut
669 1098 782 1120 omnes
807 1090 867 1120 sub
894 1091 1008 1130 iugum
1035 1093 1261 1122 mitterentur:
1295 1090 1460 1130 iidemque

63 1157 199 1183 auctore
226 1151 283 1192 Sp.
310 1151 486 1182 Postumio
526 1160 611 1182 cos..
653 1151 708 1189 qui
757 1151 789 1180 in
828 1158 944 1181 senatu
971 1158 1135 1189 suaserat,
1171 1158 1205 1182 ut
1231 1162 1344 1182 corum
1370 1152 1460 1183 ‹ledi-

63 1214 173 1254 tione,
213 1222 352 1252 quorum
393 1211 489 1252 culpa
525 1216 593 1241 tam
625 1210 775 1243 deforme
813 1211 921 1243 foedus
953 1213 1053 1244 ictum
1090 1219 1170 1250 erat,
1209 1213 1343 1254 publica
1379 1214 1461 1244 fides

62 1275 278 1312 liberaretur,
317 1283 389 1304 cum
417 1273 546 1303 duobus
583 1272 724 1303 tribunis
749 1272 857 1313 plebis
883 1280 915 1303 et
942 1275 1113 1314 omnibus,
1157 1275 1211 1315 qui
1249 1275 1357 1306 soedus
1385 1286 1462 1317 spo-

61 1337 268 1378 ponderant,
303 1335 405 1365 dediti
437 1333 642 1365 Samnitibus
668 1343 734 1364 non
760 1340 837 1364 sunt
862 1337 997 1375 recepti.
1046 1336 1117 1367 Nee
1147 1337 1253 1367 multo
1280 1343 1354 1377 post
1381 1336 1461 1368 fusis

64 1408 84 1429 a
101 1397 237 1438 Papirio
256 1396 399 1428 Cursore
416 1394 622 1425 Samnitibus
645 1401 677 1425 et
703 1395 764 1425 sub
790 1395 902 1435 iugum
929 1397 1036 1428 missis
1062 1399 1271 1439 receptisque
1297 1399 1462 1430 sexcentis

64 1459 230 1500 equitibus
244 1458 416 1494 Romanis,
444 1457 497 1496 qui
518 1456 650 1487 obsides
676 1458 743 1487 dati
773 1464 878 1498 erant,
902 1459 1011 1499 pudor
1034 1458 1151 1499 flagitii
1178 1460 1294 1500 prioris
1319 1460 1462 1491 abolitus

62 1527 122 1553 est.
178 1521 302 1552 Tribus
328 1519 401 1549 duae
431 1519 566 1549 adiectae
593 1524 679 1555 sunt,
707 1518 865 1550 Ofentina
890 1525 922 1550 et
935 1520 1091 1551 Falerna.
1141 1521 1264 1553 Suessa
1285 1521 1461 1552 etPontiae

62 1582 202 1613 coloniae
238 1582 386 1612 deductae
419 1586 504 1611 sunt.
576 1581 666 1622 App.
699 1579 861 1612 Claudius
891 1590 1009 1612 censor
1035 1592 1155 1622 aquam
1184 1582 1362 1614 Claudiam
1387 1593 1462 1624 per-

62 1643 174 1681 tluxit3
223 1643 310 1673 viam
347 1642 477 1681 stravit,
517 1651 589 1682 quae
628 1642 738 1683 Appia
767 1648 888 1673 vocata
924 1648 990 1679 θεῖς
1036 1643 1268 1675 libertinorum
1307 1644 1392 1675 filios
1428 1645 1464 1674 in

61 1710 212 1736 senatum
238 1704 339 1744 legit3
366 1703 519 1743 ideoque,
546 1704 704 1743 quoniam
730 1703 757 1733 is
777 1703 858 1733 ordo
883 1704 1029 1742 indignis
1054 1703 1248 1745 inquinatus
1274 1706 1461 1736 videbatur.

61 1767 231 1806 sequentis
263 1766 340 1796 anni
375 1765 530 1796 consules
561 1769 713 1796 senatum
749 1765 1027 1796 observaverunt.
1066 1767 1349 1806 quemadmodum
1384 1773 1462 1798 ante

60 1828 233 1868 proximos
264 1836 419 1857 censores
451 1826 570 1858 fuerat.
619 1826 685 1857 Res
709 1832 870 1867 praeterea
895 1832 1011 1858 contra
1040 1829 1169 1869 Apulos
1191 1834 1219 1859 et
1241 1829 1404 1859 Etruscos
1430 1837 1463 1859 et

60 1888 206 1920 Umbros
239 1894 270 1919 et
294 1888 426 1919 Marsos
461 1893 493 1919 et
517 1887 675 1926 Pelignos
711 1893 742 1918 et
765 1887 896 1928 AEquos
922 1896 954 1919 et
982 1889 1168 1927 Samnites,
1208 1889 1328 1929 quibus
1354 1888 1462 1920 foedus

60 1950 250 1981 restitutum
278 1956 339 1987 est,
376 1959 532 1991 prospere
557 1954 670 1989 gestas
696 1950 852 1980 continet.
902 1947 964 1980 Cn.
992 1950 1128 1981 Flavius
1153 1951 1271 1988 scriba,
1307 1951 1463 1981 libertino

60 2017 154 2053 patre
180 2017 296 2053 natus,
335 2011 438 2042 aedilis
465 2010 588 2041 eurulis
614 2010 693 2042 suit.
728 2020 788 2052 per
813 2010 977 2042 forensem
1005 2011 1187 2042 factionem
1215 2019 1355 2051 creatus,
1390 2022 1462 2054 quae

62 2083 163 2114 quum
190 2073 326 2104 comitia
351 2078 383 2103 et
409 2082 562 2113 campum
587 2072 736 2103 turbaret
770 2078 802 2102 ct
828 2073 860 2102 in
886 2072 938 2103 his
964 2079 1099 2114 propter
1130 2074 1250 2104 nimias
1283 2075 1368 2105 vires
1403 2075 1463 2105 do-

62 2135 264 2172 minaretur,
303 2145 320 2164 a
350 2132 388 2172 Q.
414 2134 521 2165 Fabio
556 2143 691 2165 censore
724 2134 758 2164 in
790 2140 948 2174 quattuor
979 2135 1083 2166 tribus
1109 2136 1245 2165 redacta
1272 2142 1340 2175 est,
1380 2146 1462 2177 quas

60 2197 206 2228 urbanas
232 2196 421 2237 appellavit.
470 2197 586 2236 anue
622 2204 674 2226 res
698 2195 807 2226 Fabio
832 2196 984 2227 Maximo
1021 2205 1143 2227 nomen
1179 2197 1282 2227 dedit.
1331 2196 1371 2227 In
1398 2197 1462 2228 hoe

59 2258 147 2289 libro
173 2258 376 2288 mentionem
402 2257 505 2287 habet
520 2257 718 2297 Alexandri,
745 2257 801 2297 qui
827 2257 1033 2298 temporibus
1057 2258 1107 2289 his
1132 2257 1204 2294 fuit,
1232 2263 1264 2288 et
1290 2258 1461 2289 :estimatis

60 2319 175 2360 populi
186 2319 328 2350 Romani
346 2319 482 2358 viribus,
511 2327 584 2359 qum
610 2324 688 2348 tunc
715 2325 820 2355 erant,
847 2318 985 2358 colligit,
1011 2319 1037 2350 si
1062 2319 1258 2350 Alexander
1276 2321 1309 2350 in
1327 2319 1460 2352 Italiam

61 2380 259 2418 traiecisset,
284 2390 351 2411 non
377 2386 445 2412 tam
470 2380 602 2411 facilem
629 2379 658 2409 ei
683 2379 856 2410 victoriam
879 2380 919 2410 de
938 2380 1062 2420 populo
1080 2381 1234 2412 Romano
1252 2380 1333 2419 fore‚
1360 2392 1461 2422 quam

61 2441 103 2472 de
128 2442 167 2473 iis
192 2442 358 2482 gentibus,
399 2451 480 2482 quas
506 2442 548 2472 ad
574 2441 738 2471 orientem
763 2440 904 2482 imperio
930 2451 989 2472 suo
1016 2442 1214 2473 subiecerat.

639 2547 703 2578 EX
727 2546 814 2577 LIB.
841 2547 884 2578 X.

156 2624 304 2656 Coloniae
330 2626 480 2656 deductae
507 2629 584 2655 sunt
608 2622 693 2654 Sora
728 2629 760 2654 et
788 2624 877 2654 Alba
902 2630 934 2654 et
960 2623 1119 2655 Carseoli.
1177 2625 1285 2657 Marsi
1309 2626 1343 2656 in
1370 2625 1462 2656 dedi-

61 2686 186 2717 tionem
219 2687 347 2726 accepti
381 2692 467 2717 sunt.
521 2685 710 2725 Collegium
744 2695 906 2725 augurum
943 2686 1136 2727 ampliatum
1173 2694 1242 2724 est,
1282 2692 1320 2718 ut
1352 2695 1464 2718 esseut
