1753 2934
612 145 685 175 Lib.
712 142 1022 175 XLV-XLVHI.
1412 144 1454 177 41

114 276 239 308 Corsos
279 285 310 307 et
347 277 526 308 Lusitanos
567 276 658 306 vario
704 282 822 305 eventu
863 281 976 314 gestas
1017 280 1048 304 et
1089 278 1199 303 motus
1237 271 1341 312 Syriae
1388 277 1519 301 mortuo

114 338 296 374 Antiocho,
325 338 379 378 qui
408 337 510 367 tilium
535 337 739 367 Antiochum
766 346 904 377 puerum
931 335 1114 365 admodum
1142 334 1332 372 reliquerat,
1359 333 1516 362 continet.

115 398 212 429 Hunc
240 399 446 430 Antiochum
485 408 622 439 puerum
660 407 734 427 cum
760 397 862 437 Lysia
900 404 1006 427 tutore
1040 397 1228 427 Demetrius
1255 394 1385 426 Seleuci
1419 393 1517 424 filius.

113 461 168 501 qui
203 461 319 491 Romae
361 460 457 490 obses
502 459 629 494 fuerat,
676 458 780 494 clam,
821 459 897 498 quia
932 468 997 488 non
1034 456 1266 488 dimittebatur
1299 466 1317 485 a
1345 456 1516 486 Romanis.

108 523 264 562 prqsuyus
290 522 457 551 interemit
489 527 519 550 ct
547 521 618 560 ipse
653 520 685 549 in
720 529 858 557 reguum
886 526 1038 560 receptus
1063 525 1118 550 est.
1168 518 1205 548 L.
1233 517 1374 547 AEmilio
1399 515 1517 546 Paulo.

110 582 166 623 qui
194 582 318 612 Persen
347 582 480 618 vicerat,
508 588 650 615 mortuo„
684 582 776 611 cuius
803 587 895 610 tanta
923 581 1128 611 abstinentia
1153 579 1226 614 suit,
1262 584 1306 610 ut.
1347 587 1450 617 quum
1477 588 1517 607 cx

112 643 275 684 Hispania
302 649 333 672 ct
363 653 404 672 ex
431 642 630 673 Macedonia
665 643 847 672 immensas
875 652 954 682 opes
990 642 1176 674 retulisset.
1210 640 1264 669 rix
1297 649 1337 669 ex
1363 639 1517 669 auctione

111 705 182 735 eius
216 705 389 734 redactum
429 706 487 739 sit,
535 705 621 734 unde
660 704 754 733 uxori
794 704 863 733 cius
897 704 954 733 (los
988 703 1188 738 solveretur,
1212 717 1225 731 κ
1246 718 1278 731 a.
1329 701 1518 740 Pomptina·

110 766 250 806 paludes
277 776 296 795 a
326 765 483 796 Cornelio
512 765 662 804 Cethego
698 776 786 796 cos..
822 764 873 794 cui
907 772 945 794 ea
980 764 1149 804 provincia
1175 769 1350 801 evenerat,
1387 762 1518 792 siccata*

110 835 256 867 agerque
284 837 324 856 ex
350 827 390 857 iis
417 828 537 858 sactus.

638 933 698 965 Ex
727 933 812 963 LIB.
846 931 989 963 XLVII.

203 1009 264 1040 Cn.
293 1009 477 1040 Tremellio
504 1019 550 1049 pr.
580 1009 683 1039 multa
709 1010 797 1040 dieta
829 1016 893 1046 est,
929 1008 1017 1049 quod
1054 1017 1127 1037 eum
1155 1006 1200 1036 M.
1222 1005 1363 1036 AEmilio
1391 1006 1518 1046 Lepido

109 1072 266 1115 pontifice
291 1071 439 1101 maximo
462 1071 620 1101 iniuriose
642 1071 866 1102 contenderat.
893 1077 1133 1108 sacrorumque
1149 1077 1248 1107 quani
1265 1069 1516 1106 magistratuum

110 1137 161 1166 ius
197 1134 368 1175 potentius
404 1132 475 1163 suit.
551 1132 623 1162 Lex
657 1133 696 1162 de
730 1132 857 1162 ambitu
904 1133 982 1162 lata.
1057 1130 1215 1161 Lustrum
1261 1139 1279 1158 a
1325 1130 1517 1160 censoribus

109 1196 283 1226 conditum
331 1200 397 1224 est:
450 1203 548 1223 censa
595 1200 670 1223 sunt
716 1195 834 1223 civium
881 1194 990 1234 capita
1038 1193 1281 1224 CCCXXVIII
1329 1191 1516 1223 CCCXVI.

109 1257 270 1297 Princeps
306 1260 432 1285 senalus·
469 1262 596 1285 sextum
623 1254 783 1284 AEmilius
810 1255 968 1294 Lepidus.
1032 1255 1124 1286 Inter
1150 1255 1351 1286 Ptolemaeos
1386 1252 1518 1283 fratres.

108 1320 164 1358 qui
206 1317 430 1353 dissidebant,
473 1316 582 1347 foedus
621 1317 742 1352 ictum,
789 1323 823 1346 ut
860 1317 944 1346 alter
980 1317 1009 1347 in
1041 1317 1208 1357 IEgypto,
1261 1316 1344 1346 alter
1380 1313 1520 1354 Cyrenis

111 1385 276 1419 regnaret.
328 1377 528 1408 Ariarathes
556 1377 775 1417 Cappadociae
810 1388 867 1407 rex
893 1378 1032 1409 consilio
1058 1378 1218 1408 Demetrii
1246 1377 1349 1418 Syriae
1375 1377 1462 1415 regis
1489 1384 1519 1406 et

110 1441 236 1471 viribus
263 1439 379 1480 pulsus
407 1449 509 1479 regno
537 1449 555 1469 a
582 1446 699 1469 senatu
726 1439 897 1470 restitutus
925 1445 983 1470 est.
1036 1440 1131 1470 Missi
1151 1450 1168 1469 a
1191 1446 1320 1478 senatu,
1349 1439 1404 1478 qui
1433 1439 1520 1467 inter

112 1503 327 1534 Masinissam
367 1508 397 1531 et
425 1500 724 1541 Carthaginienses
762 1501 802 1530 tle
838 1510 920 1540 agro
957 1501 1154 1531 iudicarent.
1207 1499 1244 1531 C.
1272 1501 1420 1531 Marcius
1451 1509 1516 1530 cos.

112 1565 270 1595 adversus
296 1563 474 1594 Dalmatas
500 1563 642 1602 primum
670 1572 788 1602 parum
816 1572 990 1602 prospere.
1026 1568 1142 1603 postea
1173 1562 1318 1593 feliciter
1350 1562 1519 1603 pugnavit.

111 1636 186 1657 cum
216 1627 338 1666 quihus
368 1624 458 1654 bello
486 1623 686 1662 confligendi
722 1633 820 1653 cansa
855 1623 934 1659 suit,
973 1624 1061 1663 quod
1090 1624 1221 1664 Illyrios
1259 1624 1367 1654 socios
1403 1622 1518 1663 populi

111 1687 258 1718 Romani
284 1692 512 1731 vastaverant3
540 1685 748 1725 eandemque
774 1692 906 1724 gentem
934 1684 1111 1716 Cornelius
1130 1684 1255 1716 Nasica
1282 1695 1349 1716 eos.
1378 1684 1518 1714 domuit.

111 1747 154 1786 Q.
190 1748 343 1789 Opimius
386 1757 452 1778 COS.
494 1746 735 1787 Transalpinos
769 1746 930 1786 Ligures,
983 1748 1036 1787 qui
1077 1747 1344 1777 Massiliensium
1396 1745 1518 1786 oppida

112 1809 300 1850 Antipolim
329 1815 361 1839 et
386 1808 534 1839 Nicaeam
561 1808 748 1845 vastabant,
775 1808 918 1846 subegit.
967 1807 1132 1838 Praeterea
1167 1819 1219 1839 res
1253 1808 1284 1837 in
1311 1806 1475 1847 Hispania
1501 1816 1519 1836 a

111 1871 339 1912 compluribus
364 1880 480 1910 parum
506 1879 666 1910 prospere
692 1876 806 1909 gestas
834 1871 990 1900 continet.
1042 1868 1208 1900 Consules
1240 1879 1328 1899 anno
1356 1869 1519 1908 quingen-

112 1933 232 1963 tesimo
258 1932 478 1971 nonagesimo
504 1937 621 1961 octavo
648 1930 691 1960 ab
719 1932 800 1961 urbe
827 1932 962 1961 condita
986 1931 1220 1970 magistratum
1247 1929 1326 1961 Kal.
1356 1928 1522 1960 Ianuariis

111 1995 196 2025 inire
223 1998 404 2034 coeperunt.
455 1992 610 2022 Mutandi
639 1994 773 2023 comitia
800 2003 901 2023 causa
929 1993 1001 2031 suit,
1030 1994 1118 2033 quod
1134 1993 1274 2033 Hispani
1296 1992 1518 2023 rebellabant.

112 2056 230 2096 Legati
273 2055 314 2085 ad
350 2055 603 2095 disceptandum
644 2055 730 2084 inter
767 2054 1067 2094 Carthaginienses
1110 2061 1142 2084 et
1176 2054 1389 2084 Masinissam
1429 2052 1519 2083 missi

112 2117 368 2153 nuntiaverunt,
425 2116 489 2146 vim
537 2116 664 2146 navalis
713 2117 858 2146 materiae
908 2126 941 2147 se
988 2115 1193 2155 Carthagine
1248 2113 1519 2155 deprehendisse.

113 2178 255 2219 Aliquot
280 2184 438 2218 praetores
471 2187 490 2206 a
515 2177 696 2218 provinciis
731 2178 877 2208 avaritiae
903 2177 1038 2208 nomine
1084 2177 1230 2207 accusati
1257 2177 1404 2207 damnati
1432 2182 1519 2206 sunt.

631 2284 695 2315 Ex
721 2284 809 2315 LIB.
836 2285 865 2315 X
874 2285 928 2315 LV
937 2284 1000 2315 111.

208 2361 367 2392 Lustrum
410 2372 430 2392 a
467 2362 661 2393 censoribus
696 2362 865 2391 conditum
903 2366 971 2398 est;
1010 2371 1108 2392 censa
1143 2367 1220 2392 sunt
1251 2361 1371 2392 civium
1413 2362 1521 2402 capita

114 2413 338 2455 CCCKXIV.
390 2424 527 2456 Semina
560 2424 648 2454 tertii
685 2423 764 2453 belli
793 2422 911 2452 Punici
948 2422 1146 2454 reseruntur.
1201 2421 1310 2460 Quum
1341 2424 1374 2453 in
1400 2422 1522 2454 finibus

114 2482 442 2525 Carthaginiensium
494 2486 616 2525 ingens
663 2484 884 2515 Numidarum
938 2486 1102 2515 exercitus
1149 2484 1233 2514 duce.
1284 2485 1521 2516 Arcobarzane

115 2546 282 2588 Syphacis
316 2553 438 2588 nepote.
472 2547 639 2577 diceretur
667 2556 754 2584 esse,
793 2546 839 2577 M.
868 2547 1009 2578 Porcius
1036 2545 1120 2577 Cato
1155 2547 1274 2583 suasit,
1317 2552 1353 2576 ut
1382 2546 1522 2576 Cartha-

116 2608 334 2648 giniensibus,
360 2609 417 2647 qui
438 2609 624 2639 exercitum
647 2610 756 2650 speeie
775 2616 890 2639 contra
909 2609 1133 2648 Masinissam,
1160 2618 1193 2638 re
1213 2615 1328 2638 contra
1348 2608 1521 2639 Romanos

115 2670 257 2700 accitum
294 2670 328 2700 in
361 2669 483 2700 finibus
525 2670 706 2711 haberent,
750 2671 874 2701 bellum
914 2671 1126 2701 indiceretur.
1188 2668 1448 2700 Contradicente
1483 2668 1521 2699 P.
