<?xml version="1.0" encoding="UTF-8"?>
<!DOCTYPE html PUBLIC "-//W3C//DTD XHTML 1.0 Transitional//EN"
    "http://www.w3.org/TR/xhtml1/DTD/xhtml1-transitional.dtd">
<html xmlns="http://www.w3.org/1999/xhtml" xml:lang="en" lang="en">
 <head>
  <title>
</title>
<meta http-equiv="Content-Type" content="text/html;charset=utf-8" />
  <meta name='ocr-system' content='tesseract 3.04.00' />
  <meta name='ocr-capabilities' content='ocr_page ocr_carea ocr_par ocr_line ocrx_word'/>
</head>
<body>
  <div class='ocr_page' id='page_1' title='image "./p1historiarumrom04livyuoft_0256.png"; bbox 0 0 1753 2934; ppageno 0'>
   <div class='ocr_carea' id='block_1_1' title="bbox 219 242 239 276">
    <p class='ocr_par' dir='ltr' id='par_1_1' title="bbox 219 242 239 276">
     <span class='ocr_line' id='line_1_1' title="bbox 219 242 239 276; baseline 0 0"><span class='ocrx_word' id='word_1_1' title='bbox 219 242 239 276; x_wconf 89' lang='lat'>5</span> 
     </span>
    </p>
   </div>
   <div class='ocr_carea' id='block_1_2' title="bbox 214 729 231 762">
    <p class='ocr_par' dir='ltr' id='par_1_2' title="bbox 214 729 231 762">
     <span class='ocr_line' id='line_1_2' title="bbox 214 729 231 762; textangle 90"><span class='ocrx_word' id='word_1_2' title='bbox 214 729 231 762; x_wconf 42' lang='grc' dir='ltr'><strong>«Ι</strong></span> 
     </span>
    </p>
   </div>
   <div class='ocr_carea' id='block_1_3' title="bbox 189 1359 230 1392">
    <p class='ocr_par' dir='ltr' id='par_1_3' title="bbox 189 1359 230 1392">
     <span class='ocr_line' id='line_1_3' title="bbox 189 1359 230 1392; baseline 0 0"><span class='ocrx_word' id='word_1_3' title='bbox 189 1359 230 1392; x_wconf 81' lang='grc'><strong>10</strong></span> 
     </span>
    </p>
   </div>
   <div class='ocr_carea' id='block_1_4' title="bbox 186 1572 224 1605">
    <p class='ocr_par' dir='ltr' id='par_1_4' title="bbox 186 1572 224 1605">
     <span class='ocr_line' id='line_1_4' title="bbox 186 1572 224 1605; baseline -0.026 0"><span class='ocrx_word' id='word_1_4' title='bbox 186 1572 224 1605; x_wconf 87' lang='lat' dir='ltr'><strong>ll</strong></span> 
     </span>
    </p>
   </div>
   <div class='ocr_carea' id='block_1_5' title="bbox 185 1707 229 1743">
    <p class='ocr_par' dir='ltr' id='par_1_5' title="bbox 185 1707 229 1743">
     <span class='ocr_line' id='line_1_5' title="bbox 185 1707 229 1743; baseline -0.023 0"><span class='ocrx_word' id='word_1_5' title='bbox 185 1707 229 1743; x_wconf 82' lang='lat'><strong>12</strong></span> 
     </span>
    </p>
   </div>
   <div class='ocr_carea' id='block_1_6' title="bbox 185 1849 228 1884">
    <p class='ocr_par' dir='ltr' id='par_1_6' title="bbox 185 1849 228 1884">
     <span class='ocr_line' id='line_1_6' title="bbox 185 1849 228 1884; baseline 0 0"><span class='ocrx_word' id='word_1_6' title='bbox 185 1849 228 1884; x_wconf 87' lang='lat'><strong>13</strong></span> 
     </span>
    </p>
   </div>
   <div class='ocr_carea' id='block_1_7' title="bbox 329 117 1270 158">
    <p class='ocr_par' dir='ltr' id='par_1_7' title="bbox 329 117 1270 158">
     <span class='ocr_line' id='line_1_7' title="bbox 329 117 1270 158; baseline 0.004 -13"><span class='ocrx_word' id='word_1_7' title='bbox 329 120 405 155; x_wconf 80' lang='lat'><strong>222</strong></span> <span class='ocrx_word' id='word_1_8' title='bbox 679 117 780 148; x_wconf 84' lang='lat' dir='ltr'><strong>Liber</strong></span> <span class='ocrx_word' id='word_1_9' title='bbox 805 117 913 148; x_wconf 85' lang='lat' dir='ltr'>XLV.</span> <span class='ocrx_word' id='word_1_10' title='bbox 970 118 1032 156; x_wconf 76' lang='lat' dir='ltr'><strong>(A.</strong></span> <span class='ocrx_word' id='word_1_11' title='bbox 1060 127 1091 148; x_wconf 93' lang='lat' dir='ltr'><strong>u.</strong></span> <span class='ocrx_word' id='word_1_12' title='bbox 1120 128 1147 148; x_wconf 86' lang='lat' dir='ltr'><strong>c.</strong></span> <span class='ocrx_word' id='word_1_13' title='bbox 1176 118 1270 158; x_wconf 82' lang='lat'><strong>586.)</strong></span> 
     </span>
    </p>
   </div>
   <div class='ocr_carea' id='block_1_8' title="bbox 259 240 1688 2042">
    <p class='ocr_par' dir='ltr' id='par_1_8' title="bbox 263 240 1674 1202">
     <span class='ocr_line' id='line_1_8' title="bbox 271 240 1673 290; baseline -0.001 -14"><span class='ocrx_word' id='word_1_14' title='bbox 271 241 372 276; x_wconf 86' lang='lat' dir='ltr'><strong>nium</strong></span> <span class='ocrx_word' id='word_1_15' title='bbox 405 240 565 287; x_wconf 87' lang='lat' dir='ltr'><strong>primum</strong></span> <span class='ocrx_word' id='word_1_16' title='bbox 598 240 635 275; x_wconf 91' lang='lat' dir='ltr'><strong>id</strong></span> <span class='ocrx_word' id='word_1_17' title='bbox 667 240 791 285; x_wconf 70' lang='lat' dir='ltr'><strong>legere</strong></span> <span class='ocrx_word' id='word_1_18' title='bbox 821 240 934 277; x_wconf 87' lang='lat' dir='ltr'><strong>iubet.</strong></span> <span class='ocrx_word' id='word_1_19' title='bbox 1003 241 1150 288; x_wconf 82' lang='lat' dir='ltr'><strong>Quibus</strong></span> <span class='ocrx_word' id='word_1_20' title='bbox 1181 241 1368 290; x_wconf 78' lang='lat' dir='ltr'>perlectis,</span> <span class='ocrx_word' id='word_1_21' title='bbox 1399 253 1482 277; x_wconf 90' lang='lat' dir='ltr'><strong>cum</strong></span> <span class='ocrx_word' id='word_1_22' title='bbox 1515 252 1555 275; x_wconf 90' lang='lat' dir='ltr'><strong>se</strong></span> <span class='ocrx_word' id='word_1_23' title='bbox 1585 252 1673 276; x_wconf 88' lang='lat' dir='ltr'><strong>con-</strong></span> 
     </span>
     <span class='ocr_line' id='line_1_9' title="bbox 270 309 1674 358; baseline 0.001 -13"><span class='ocrx_word' id='word_1_24' title='bbox 270 311 537 352; x_wconf 77' lang='lat' dir='ltr'><strong>sideramrum,</strong></span> <span class='ocrx_word' id='word_1_25' title='bbox 559 309 738 344; x_wconf 78' lang='lat' dir='ltr'><strong>adhibitis</strong></span> <span class='ocrx_word' id='word_1_26' title='bbox 760 310 903 347; x_wconf 84' lang='lat' dir='ltr'><strong>amicis.</strong></span> <span class='ocrx_word' id='word_1_27' title='bbox 926 311 1015 358; x_wconf 87' lang='lat' dir='ltr'><strong>quid</strong></span> <span class='ocrx_word' id='word_1_28' title='bbox 1037 311 1250 348; x_wconf 86' lang='lat' dir='ltr'><strong>faciendum</strong></span> <span class='ocrx_word' id='word_1_29' title='bbox 1273 311 1344 347; x_wconf 86' lang='lat' dir='ltr'><strong>sibi</strong></span> <span class='ocrx_word' id='word_1_30' title='bbox 1365 317 1476 355; x_wconf 74' lang='lat' dir='ltr'><strong>esset,</strong></span> <span class='ocrx_word' id='word_1_31' title='bbox 1504 310 1674 354; x_wconf 81' lang='lat' dir='ltr'><strong>dixisset,</strong></span> 
     </span>
     <span class='ocr_line' id='line_1_10' title="bbox 269 380 1674 430; baseline 0 -15"><span class='ocrx_word' id='word_1_32' title='bbox 269 380 456 427; x_wconf 77' lang='lat' dir='ltr'><strong>Popilius,</strong></span> <span class='ocrx_word' id='word_1_33' title='bbox 497 392 566 426; x_wconf 89' lang='lat' dir='ltr'><strong>pro</strong></span> <span class='ocrx_word' id='word_1_34' title='bbox 598 387 723 415; x_wconf 83' lang='lat' dir='ltr'><strong>cetera</strong></span> <span class='ocrx_word' id='word_1_35' title='bbox 754 382 958 428; x_wconf 73' lang='lat' dir='ltr'><strong>asperitate</strong></span> <span class='ocrx_word' id='word_1_36' title='bbox 990 382 1127 423; x_wconf 75' lang='lat' dir='ltr'><strong>animi,</strong></span> <span class='ocrx_word' id='word_1_37' title='bbox 1175 382 1303 430; x_wconf 62' lang='lat' dir='ltr'><strong>virga,</strong></span> <span class='ocrx_word' id='word_1_38' title='bbox 1347 393 1460 429; x_wconf 87' lang='lat' dir='ltr'><strong>quam</strong></span> <span class='ocrx_word' id='word_1_39' title='bbox 1491 380 1528 417; x_wconf 90' lang='lat' dir='ltr'><strong>in</strong></span> <span class='ocrx_word' id='word_1_40' title='bbox 1560 392 1674 416; x_wconf 80' lang='lat' dir='ltr'><strong>manu</strong></span> 
     </span>
     <span class='ocr_line' id='line_1_11' title="bbox 268 449 1673 500; baseline 0.001 -15"><span class='ocrx_word' id='word_1_41' title='bbox 268 450 437 498; x_wconf 70' lang='lat' dir='ltr'><strong>gerebat,</strong></span> <span class='ocrx_word' id='word_1_42' title='bbox 468 449 761 498; x_wconf 79' lang='lat' dir='ltr'><strong>circumscripsit</strong></span> <span class='ocrx_word' id='word_1_43' title='bbox 792 463 917 499; x_wconf 86' lang='lat' dir='ltr'><strong>regem</strong></span> <span class='ocrx_word' id='word_1_44' title='bbox 950 464 994 488; x_wconf 86' lang='lat' dir='ltr'><strong>ac</strong></span> <span class='ocrx_word' id='word_1_45' title='bbox 1036 453 1290 500; x_wconf 76' lang='lat' dir='ltr'><strong>„Priusquam</strong></span> <span class='ocrx_word' id='word_1_46' title='bbox 1325 452 1396 487; x_wconf 91' lang='lat' dir='ltr'><strong>hoc</strong></span> <span class='ocrx_word' id='word_1_47' title='bbox 1436 449 1576 487; x_wconf 89' lang='lat' dir='ltr'><strong>circulo</strong></span> <span class='ocrx_word' id='word_1_48' title='bbox 1607 462 1673 486; x_wconf 87' lang='lat' dir='ltr'><strong>ex-</strong></span> 
     </span>
     <span class='ocr_line' id='line_1_12' title="bbox 268 519 1673 570; baseline -0.001 -14"><span class='ocrx_word' id='word_1_49' title='bbox 268 521 405 556; x_wconf 72' lang='lat' dir='ltr'><strong>ce&lt;las⁶⁶</strong></span> <span class='ocrx_word' id='word_1_50' title='bbox 430 520 563 567; x_wconf 78' lang='lat' dir='ltr'><strong>inquit,</strong></span> <span class='ocrx_word' id='word_1_51' title='bbox 597 520 735 562; x_wconf 83' lang='lat' dir='ltr'><strong>„redde</strong></span> <span class='ocrx_word' id='word_1_52' title='bbox 757 532 993 568; x_wconf 64' lang='lat' dir='ltr'><strong>responsum,</strong></span> <span class='ocrx_word' id='word_1_53' title='bbox 1014 523 1159 558; x_wconf 86' lang='lat' dir='ltr'><strong>senatui</strong></span> <span class='ocrx_word' id='word_1_54' title='bbox 1183 522 1282 570; x_wconf 86' lang='lat' dir='ltr'><strong>quod</strong></span> <span class='ocrx_word' id='word_1_55' title='bbox 1305 522 1506 558; x_wconf 79' lang='lat' dir='ltr'><strong>referatn.“</strong></span> <span class='ocrx_word' id='word_1_56' title='bbox 1531 519 1673 557; x_wconf 86' lang='lat' dir='ltr'><strong>Obstu-</strong></span> 
     </span>
     <span class='ocr_line' id='line_1_13' title="bbox 268 589 1672 640; baseline -0.001 -14"><span class='ocrx_word' id='word_1_57' title='bbox 268 591 441 640; x_wconf 86' lang='lat' dir='ltr'><strong>pefactus</strong></span> <span class='ocrx_word' id='word_1_58' title='bbox 472 597 547 626; x_wconf 85' lang='lat' dir='ltr'><strong>tam</strong></span> <span class='ocrx_word' id='word_1_59' title='bbox 581 589 747 625; x_wconf 86' lang='lat' dir='ltr'><strong>violento</strong></span> <span class='ocrx_word' id='word_1_60' title='bbox 778 590 937 639; x_wconf 85' lang='lat' dir='ltr'><strong>imperio</strong></span> <span class='ocrx_word' id='word_1_61' title='bbox 969 605 1176 640; x_wconf 84' lang='lat' dir='ltr'><strong>parumper</strong></span> <span class='ocrx_word' id='word_1_62' title='bbox 1205 605 1288 628; x_wconf 87' lang='lat' dir='ltr'><strong>cum</strong></span> <span class='ocrx_word' id='word_1_63' title='bbox 1320 591 1542 634; x_wconf 69' lang='lat' dir='ltr'><strong>haesitasset„</strong></span> <span class='ocrx_word' id='word_1_64' title='bbox 1568 590 1672 632; x_wconf 79' lang='lat' dir='ltr'><strong>„Fa-</strong></span> 
     </span>
     <span class='ocr_line' id='line_1_14' title="bbox 267 660 1672 709; baseline -0.002 -11"><span class='ocrx_word' id='word_1_65' title='bbox 267 662 389 698; x_wconf 79' lang='lat' dir='ltr'><strong>ciam‘·</strong></span> <span class='ocrx_word' id='word_1_66' title='bbox 410 661 542 708; x_wconf 73' lang='lat' dir='ltr'><strong>inquit,</strong></span> <span class='ocrx_word' id='word_1_67' title='bbox 569 660 696 707; x_wconf 67' lang='lat' dir='ltr'><strong>„quod</strong></span> <span class='ocrx_word' id='word_1_68' title='bbox 715 669 841 696; x_wconf 77' lang='lat' dir='ltr'><strong>censet</strong></span> <span class='ocrx_word' id='word_1_69' title='bbox 858 666 1048 697; x_wconf 83' lang='lat' dir='ltr'><strong>senatus.“</strong></span> <span class='ocrx_word' id='word_1_70' title='bbox 1091 664 1189 699; x_wconf 84' lang='lat' dir='ltr'><strong>Tum</strong></span> <span class='ocrx_word' id='word_1_71' title='bbox 1211 663 1360 698; x_wconf 90' lang='lat' dir='ltr'><strong>demum</strong></span> <span class='ocrx_word' id='word_1_72' title='bbox 1381 661 1551 709; x_wconf 84' lang='lat' dir='ltr'><strong>Popilius</strong></span> <span class='ocrx_word' id='word_1_73' title='bbox 1578 660 1672 696; x_wconf 89' lang='lat' dir='ltr'><strong>dex-</strong></span> 
     </span>
     <span class='ocr_line' id='line_1_15' title="bbox 266 730 1673 781; baseline -0.001 -14"><span class='ocrx_word' id='word_1_74' title='bbox 266 738 362 767; x_wconf 82' lang='lat' dir='ltr'><strong>tram</strong></span> <span class='ocrx_word' id='word_1_75' title='bbox 394 731 487 778; x_wconf 71' lang='lat' dir='ltr'><strong>regi,</strong></span> <span class='ocrx_word' id='word_1_76' title='bbox 519 737 713 778; x_wconf 81' lang='lat' dir='ltr'><strong>tamquam</strong></span> <span class='ocrx_word' id='word_1_77' title='bbox 745 731 849 766; x_wconf 87' lang='lat' dir='ltr'><strong>socio</strong></span> <span class='ocrx_word' id='word_1_78' title='bbox 880 731 1005 779; x_wconf 86' lang='lat' dir='ltr'><strong>adque</strong></span> <span class='ocrx_word' id='word_1_79' title='bbox 1036 733 1172 777; x_wconf 65' lang='lat' dir='ltr'><strong>amico,</strong></span> <span class='ocrx_word' id='word_1_80' title='bbox 1203 733 1384 781; x_wconf 87' lang='lat' dir='ltr'><strong>porrexit.</strong></span> <span class='ocrx_word' id='word_1_81' title='bbox 1436 732 1509 767; x_wconf 88' lang='lat' dir='ltr'><strong>Die</strong></span> <span class='ocrx_word' id='word_1_82' title='bbox 1539 730 1673 766; x_wconf 87' lang='lat' dir='ltr'><strong>deinde</strong></span> 
     </span>
     <span class='ocr_line' id='line_1_16' title="bbox 266 800 1671 851; baseline 0 -14"><span class='ocrx_word' id='word_1_83' title='bbox 266 802 372 838; x_wconf 88' lang='lat' dir='ltr'><strong>finita</strong></span> <span class='ocrx_word' id='word_1_84' title='bbox 394 814 476 837; x_wconf 91' lang='lat' dir='ltr'><strong>cum</strong></span> <span class='ocrx_word' id='word_1_85' title='bbox 506 800 730 837; x_wconf 75' lang='lat' dir='ltr'><strong>excessisset</strong></span> <span class='ocrx_word' id='word_1_86' title='bbox 746 801 920 849; x_wconf 64' lang='lat' dir='ltr'><strong>IEgypto</strong></span> <span class='ocrx_word' id='word_1_87' title='bbox 937 803 1165 847; x_wconf 67' lang='lat' dir='ltr'><strong>Antiochus,</strong></span> <span class='ocrx_word' id='word_1_88' title='bbox 1182 803 1310 851; x_wconf 69' lang='lat' dir='ltr'><strong>legati,</strong></span> <span class='ocrx_word' id='word_1_89' title='bbox 1332 802 1536 839; x_wconf 83' lang='lat' dir='ltr'><strong>concordia</strong></span> <span class='ocrx_word' id='word_1_90' title='bbox 1557 801 1671 837; x_wconf 80' lang='lat' dir='ltr'><strong>etiam</strong></span> 
     </span>
     <span class='ocr_line' id='line_1_17' title="bbox 265 870 1672 922; baseline -0.001 -15"><span class='ocrx_word' id='word_1_91' title='bbox 265 872 493 908; x_wconf 88' lang='lat' dir='ltr'><strong>auctoritate</strong></span> <span class='ocrx_word' id='word_1_92' title='bbox 523 883 593 907; x_wconf 78' lang='lat' dir='ltr'><strong>sua</strong></span> <span class='ocrx_word' id='word_1_93' title='bbox 630 871 726 906; x_wconf 86' lang='lat' dir='ltr'><strong>inter</strong></span> <span class='ocrx_word' id='word_1_94' title='bbox 762 870 899 907; x_wconf 82' lang='lat' dir='ltr'><strong>fratres</strong></span> <span class='ocrx_word' id='word_1_95' title='bbox 934 873 1105 917; x_wconf 75' lang='lat' dir='ltr'><strong>firmata,</strong></span> <span class='ocrx_word' id='word_1_96' title='bbox 1145 874 1242 910; x_wconf 86' lang='lat' dir='ltr'><strong>inter</strong></span> <span class='ocrx_word' id='word_1_97' title='bbox 1273 885 1367 922; x_wconf 87' lang='lat' dir='ltr'><strong>quos</strong></span> <span class='ocrx_word' id='word_1_98' title='bbox 1395 872 1551 908; x_wconf 88' lang='lat' dir='ltr'><strong>vixdum</strong></span> <span class='ocrx_word' id='word_1_99' title='bbox 1583 883 1672 906; x_wconf 89' lang='lat' dir='ltr'><strong>con-</strong></span> 
     </span>
     <span class='ocr_line' id='line_1_18' title="bbox 265 940 1672 992; baseline -0.001 -14"><span class='ocrx_word' id='word_1_100' title='bbox 265 949 421 978; x_wconf 85' lang='lat' dir='ltr'><strong>venerat</strong></span> <span class='ocrx_word' id='word_1_101' title='bbox 452 955 542 990; x_wconf 74' lang='lat' dir='ltr'><strong>pax,</strong></span> <span class='ocrx_word' id='word_1_102' title='bbox 569 940 735 989; x_wconf 80' lang='lat' dir='ltr'><strong>Cyprum</strong></span> <span class='ocrx_word' id='word_1_103' title='bbox 768 942 963 990; x_wconf 71' lang='lat' dir='ltr'><strong>navigant,</strong></span> <span class='ocrx_word' id='word_1_104' title='bbox 995 950 1031 979; x_wconf 85' lang='lat' dir='ltr'><strong>et.</strong></span> <span class='ocrx_word' id='word_1_105' title='bbox 1052 943 1149 986; x_wconf 77' lang='lat' dir='ltr'><strong>inde,</strong></span> <span class='ocrx_word' id='word_1_106' title='bbox 1173 956 1255 992; x_wconf 87' lang='lat' dir='ltr'><strong>quae</strong></span> <span class='ocrx_word' id='word_1_107' title='bbox 1277 944 1350 979; x_wconf 84' lang='lat' dir='ltr'><strong>iam</strong></span> <span class='ocrx_word' id='word_1_108' title='bbox 1373 943 1516 979; x_wconf 85' lang='lat' dir='ltr'><strong>vicerat</strong></span> <span class='ocrx_word' id='word_1_109' title='bbox 1537 941 1672 990; x_wconf 89' lang='lat' dir='ltr'><strong>proelio</strong></span> 
     </span>
     <span class='ocr_line' id='line_1_19' title="bbox 265 1011 1673 1061; baseline -0.001 -13"><span class='ocrx_word' id='word_1_110' title='bbox 265 1013 474 1061; x_wconf 60' lang='lat' dir='ltr'><strong>Aigyptias</strong></span> <span class='ocrx_word' id='word_1_111' title='bbox 513 1023 653 1055; x_wconf 69' lang='lat' dir='ltr'><strong>naveS,</strong></span> <span class='ocrx_word' id='word_1_112' title='bbox 699 1011 856 1048; x_wconf 79' lang='lat' dir='ltr'><strong>classem</strong></span> <span class='ocrx_word' id='word_1_113' title='bbox 891 1014 1070 1049; x_wconf 75' lang='lat' dir='ltr'><strong>Antiochi</strong></span> <span class='ocrx_word' id='word_1_114' title='bbox 1109 1014 1311 1049; x_wconf 85' lang='lat' dir='ltr'><strong>dimittunt.</strong></span> <span class='ocrx_word' id='word_1_115' title='bbox 1378 1012 1492 1049; x_wconf 78' lang='lat' dir='ltr'><strong>Clara</strong></span> <span class='ocrx_word' id='word_1_116' title='bbox 1530 1024 1575 1047; x_wconf 84' lang='lat' dir='ltr'><strong>ea</strong></span> <span class='ocrx_word' id='word_1_117' title='bbox 1605 1024 1673 1059; x_wconf 92' lang='lat' dir='ltr'><strong>per</strong></span> 
     </span>
     <span class='ocr_line' id='line_1_20' title="bbox 264 1081 1672 1132; baseline 0 -14"><span class='ocrx_word' id='word_1_118' title='bbox 264 1091 395 1131; x_wconf 84' lang='lat' dir='ltr'><strong>gentes</strong></span> <span class='ocrx_word' id='word_1_119' title='bbox 418 1082 557 1130; x_wconf 81' lang='lat' dir='ltr'><strong>legatio</strong></span> <span class='ocrx_word' id='word_1_120' title='bbox 579 1081 661 1119; x_wconf 82' lang='lat' dir='ltr'><strong>fuit.</strong></span> <span class='ocrx_word' id='word_1_121' title='bbox 680 1082 780 1128; x_wconf 84' lang='lat' dir='ltr'><strong>quod</strong></span> <span class='ocrx_word' id='word_1_122' title='bbox 803 1083 902 1118; x_wconf 83' lang='lat' dir='ltr'><strong>haud</strong></span> <span class='ocrx_word' id='word_1_123' title='bbox 926 1083 1039 1119; x_wconf 87' lang='lat' dir='ltr'><strong>dubie</strong></span> <span class='ocrx_word' id='word_1_124' title='bbox 1061 1084 1239 1132; x_wconf 81' lang='lat' dir='ltr'><strong>adempta</strong></span> <span class='ocrx_word' id='word_1_125' title='bbox 1262 1083 1455 1120; x_wconf 84' lang='lat' dir='ltr'><strong>Antiocho</strong></span> <span class='ocrx_word' id='word_1_126' title='bbox 1477 1083 1672 1131; x_wconf 71' lang='lat' dir='ltr'><strong>JEgyptus</strong></span> 
     </span>
     <span class='ocr_line' id='line_1_21' title="bbox 263 1152 1670 1202; baseline -0.001 -13"><span class='ocrx_word' id='word_1_127' title='bbox 263 1153 416 1189; x_wconf 83' lang='lat' dir='ltr'><strong>habenti</strong></span> <span class='ocrx_word' id='word_1_128' title='bbox 440 1153 513 1188; x_wconf 83' lang='lat' dir='ltr'><strong>iam</strong></span> <span class='ocrx_word' id='word_1_129' title='bbox 536 1152 802 1200; x_wconf 84' lang='lat' dir='ltr'><strong>redditumque</strong></span> <span class='ocrx_word' id='word_1_130' title='bbox 825 1153 987 1201; x_wconf 82' lang='lat' dir='ltr'><strong>patrium</strong></span> <span class='ocrx_word' id='word_1_131' title='bbox 1011 1166 1166 1202; x_wconf 85' lang='lat' dir='ltr'><strong>regnum</strong></span> <span class='ocrx_word' id='word_1_132' title='bbox 1191 1153 1296 1201; x_wconf 82' lang='lat' dir='ltr'><strong>stirpi</strong></span> <span class='ocrx_word' id='word_1_133' title='bbox 1315 1153 1510 1189; x_wconf 71' lang='lat' dir='ltr'><strong>Ptolemaei</strong></span> <span class='ocrx_word' id='word_1_134' title='bbox 1535 1152 1670 1189; x_wconf 82' lang='lat' dir='ltr'><strong>fuerat.</strong></span> 
     </span>
    </p>

    <p class='ocr_par' dir='ltr' id='par_1_9' title="bbox 259 1221 1688 2042">
     <span class='ocr_line' id='line_1_22' title="bbox 379 1221 1672 1265; baseline 0 -7"><span class='ocrx_word' id='word_1_135' title='bbox 379 1221 587 1258; x_wconf 84' lang='lat' dir='ltr'><strong>Consulum</strong></span> <span class='ocrx_word' id='word_1_136' title='bbox 632 1222 711 1257; x_wconf 86' lang='lat' dir='ltr'><strong>eius</strong></span> <span class='ocrx_word' id='word_1_137' title='bbox 756 1223 864 1265; x_wconf 63' lang='lat' dir='ltr'><strong>anni,</strong></span> <span class='ocrx_word' id='word_1_138' title='bbox 919 1223 1015 1259; x_wconf 84' lang='lat' dir='ltr'><strong>sicut</strong></span> <span class='ocrx_word' id='word_1_139' title='bbox 1067 1223 1220 1260; x_wconf 77' lang='lat' dir='ltr'><strong>alterius</strong></span> <span class='ocrx_word' id='word_1_140' title='bbox 1276 1222 1400 1258; x_wconf 86' lang='lat' dir='ltr'><strong>clarus</strong></span> <span class='ocrx_word' id='word_1_141' title='bbox 1452 1223 1672 1259; x_wconf 82' lang='lat' dir='ltr'><strong>consulatus</strong></span> 
     </span>
     <span class='ocr_line' id='line_1_23' title="bbox 264 1292 1672 1341; baseline 0.001 -13"><span class='ocrx_word' id='word_1_142' title='bbox 264 1292 401 1340; x_wconf 78' lang='lat' dir='ltr'><strong>insigni</strong></span> <span class='ocrx_word' id='word_1_143' title='bbox 432 1292 611 1335; x_wconf 80' lang='lat' dir='ltr'><strong>victoria,</strong></span> <span class='ocrx_word' id='word_1_144' title='bbox 646 1292 699 1327; x_wconf 87' lang='lat' dir='ltr'><strong>ita</strong></span> <span class='ocrx_word' id='word_1_145' title='bbox 730 1292 884 1328; x_wconf 86' lang='lat' dir='ltr'><strong>alterius</strong></span> <span class='ocrx_word' id='word_1_146' title='bbox 914 1294 1077 1329; x_wconf 87' lang='lat' dir='ltr'><strong>obscura</strong></span> <span class='ocrx_word' id='word_1_147' title='bbox 1108 1294 1230 1337; x_wconf 66' lang='lat' dir='ltr'><strong>fama,</strong></span> <span class='ocrx_word' id='word_1_148' title='bbox 1263 1294 1352 1341; x_wconf 85' lang='lat' dir='ltr'><strong>quia</strong></span> <span class='ocrx_word' id='word_1_149' title='bbox 1384 1293 1579 1329; x_wconf 81' lang='lat' dir='ltr'><strong>materiam</strong></span> <span class='ocrx_word' id='word_1_150' title='bbox 1611 1305 1672 1329; x_wconf 87' lang='lat' dir='ltr'><strong>res</strong></span> 
     </span>
     <span class='ocr_line' id='line_1_24' title="bbox 263 1362 1671 1411; baseline 0.001 -14"><span class='ocrx_word' id='word_1_151' title='bbox 263 1362 417 1410; x_wconf 83' lang='lat' dir='ltr'><strong>gerendi</strong></span> <span class='ocrx_word' id='word_1_152' title='bbox 458 1375 532 1397; x_wconf 90' lang='lat' dir='ltr'><strong>non</strong></span> <span class='ocrx_word' id='word_1_153' title='bbox 571 1362 715 1398; x_wconf 88' lang='lat' dir='ltr'><strong>habuit.</strong></span> <span class='ocrx_word' id='word_1_154' title='bbox 775 1363 858 1399; x_wconf 82' lang='lat' dir='ltr'><strong>Iam</strong></span> <span class='ocrx_word' id='word_1_155' title='bbox 894 1363 1056 1411; x_wconf 87' lang='lat' dir='ltr'><strong>primum</strong></span> <span class='ocrx_word' id='word_1_156' title='bbox 1096 1375 1179 1399; x_wconf 89' lang='lat' dir='ltr'><strong>cum</strong></span> <span class='ocrx_word' id='word_1_157' title='bbox 1211 1363 1423 1411; x_wconf 74' lang='lat' dir='ltr'><strong>legionibus</strong></span> <span class='ocrx_word' id='word_1_158' title='bbox 1454 1363 1502 1398; x_wconf 82' lang='lat' dir='ltr'><strong>ad</strong></span> <span class='ocrx_word' id='word_1_159' title='bbox 1533 1375 1671 1399; x_wconf 89' lang='lat' dir='ltr'><strong>conve-</strong></span> 
     </span>
     <span class='ocr_line' id='line_1_25' title="bbox 263 1431 1670 1481; baseline 0.002 -15"><span class='ocrx_word' id='word_1_160' title='bbox 263 1431 438 1467; x_wconf 85' lang='lat' dir='ltr'><strong>niendum</strong></span> <span class='ocrx_word' id='word_1_161' title='bbox 481 1432 572 1467; x_wconf 76' lang='lat' dir='ltr'><strong>diem</strong></span> <span class='ocrx_word' id='word_1_162' title='bbox 603 1432 717 1470; x_wconf 78' lang='lat' dir='ltr'><strong>dixit.</strong></span> <span class='ocrx_word' id='word_1_163' title='bbox 756 1446 830 1468; x_wconf 91' lang='lat' dir='ltr'><strong>non</strong></span> <span class='ocrx_word' id='word_1_164' title='bbox 875 1433 1072 1481; x_wconf 84' lang='lat' dir='ltr'><strong>auspicato</strong></span> <span class='ocrx_word' id='word_1_165' title='bbox 1111 1433 1292 1481; x_wconf 80' lang='lat' dir='ltr'><strong>templum</strong></span> <span class='ocrx_word' id='word_1_166' title='bbox 1333 1433 1497 1471; x_wconf 82' lang='lat' dir='ltr'><strong>intravit.</strong></span> <span class='ocrx_word' id='word_1_167' title='bbox 1564 1433 1670 1469; x_wconf 89' lang='lat' dir='ltr'><strong>Vitio</strong></span> 
     </span>
     <span class='ocr_line' id='line_1_26' title="bbox 262 1502 1670 1551; baseline 0.001 -14"><span class='ocrx_word' id='word_1_168' title='bbox 262 1502 359 1538; x_wconf 84' lang='lat' dir='ltr'><strong>diem</strong></span> <span class='ocrx_word' id='word_1_169' title='bbox 393 1503 531 1538; x_wconf 85' lang='lat' dir='ltr'><strong>dictam</strong></span> <span class='ocrx_word' id='word_1_170' title='bbox 563 1514 645 1538; x_wconf 85' lang='lat' dir='ltr'><strong>esse</strong></span> <span class='ocrx_word' id='word_1_171' title='bbox 676 1515 857 1551; x_wconf 72' lang='lat' dir='ltr'><strong>augures.v</strong></span> <span class='ocrx_word' id='word_1_172' title='bbox 898 1516 981 1539; x_wconf 84' lang='lat' dir='ltr'><strong>cum</strong></span> <span class='ocrx_word' id='word_1_173' title='bbox 1026 1504 1074 1539; x_wconf 85' lang='lat' dir='ltr'><strong>ad</strong></span> <span class='ocrx_word' id='word_1_174' title='bbox 1105 1516 1170 1539; x_wconf 86' lang='lat' dir='ltr'><strong>eos</strong></span> <span class='ocrx_word' id='word_1_175' title='bbox 1210 1504 1368 1540; x_wconf 84' lang='lat' dir='ltr'><strong>relatum</strong></span> <span class='ocrx_word' id='word_1_176' title='bbox 1401 1511 1511 1548; x_wconf 77' lang='lat' dir='ltr'><strong>esset,</strong></span> <span class='ocrx_word' id='word_1_177' title='bbox 1541 1503 1670 1539; x_wconf 89' lang='lat' dir='ltr'><strong>decre-</strong></span> 
     </span>
     <span class='ocr_line' id='line_1_27' title="bbox 262 1571 1669 1622; baseline 0.001 -14"><span class='ocrx_word' id='word_1_178' title='bbox 262 1580 409 1609; x_wconf 87' lang='lat' dir='ltr'><strong>verunt.</strong></span> <span class='ocrx_word' id='word_1_179' title='bbox 469 1571 671 1609; x_wconf 81' lang='lat' dir='ltr'><strong>Profectus</strong></span> <span class='ocrx_word' id='word_1_180' title='bbox 705 1575 741 1610; x_wconf 94' lang='lat' dir='ltr'><strong>in</strong></span> <span class='ocrx_word' id='word_1_181' title='bbox 773 1574 940 1611; x_wconf 81' lang='lat' dir='ltr'><strong>Galliam</strong></span> <span class='ocrx_word' id='word_1_182' title='bbox 973 1574 1075 1610; x_wconf 88' lang='lat' dir='ltr'><strong>circa</strong></span> <span class='ocrx_word' id='word_1_183' title='bbox 1098 1575 1250 1610; x_wconf 83' lang='lat' dir='ltr'><strong>Macros</strong></span> <span class='ocrx_word' id='word_1_184' title='bbox 1273 1586 1429 1622; x_wconf 86' lang='lat' dir='ltr'><strong>campos</strong></span> <span class='ocrx_word' id='word_1_185' title='bbox 1452 1574 1500 1610; x_wconf 88' lang='lat' dir='ltr'><strong>ad</strong></span> <span class='ocrx_word' id='word_1_186' title='bbox 1523 1580 1669 1610; x_wconf 88' lang='lat' dir='ltr'><strong>montes</strong></span> 
     </span>
     <span class='ocr_line' id='line_1_28' title="bbox 263 1642 1668 1691; baseline 0.001 -12"><span class='ocrx_word' id='word_1_187' title='bbox 263 1642 481 1679; x_wconf 79' lang='lat' dir='ltr'><strong>Siciminam</strong></span> <span class='ocrx_word' id='word_1_188' title='bbox 521 1650 557 1678; x_wconf 86' lang='lat' dir='ltr'><strong>et</strong></span> <span class='ocrx_word' id='word_1_189' title='bbox 599 1643 788 1691; x_wconf 84' lang='lat' dir='ltr'><strong>Papinum</strong></span> <span class='ocrx_word' id='word_1_190' title='bbox 840 1643 981 1679; x_wconf 81' lang='lat' dir='ltr'><strong>stativa</strong></span> <span class='ocrx_word' id='word_1_191' title='bbox 1026 1644 1177 1687; x_wconf 75' lang='lat' dir='ltr'><strong>hab11it;</strong></span> <span class='ocrx_word' id='word_1_192' title='bbox 1225 1645 1359 1680; x_wconf 82' lang='lat' dir='ltr'><strong>deinde</strong></span> <span class='ocrx_word' id='word_1_193' title='bbox 1398 1644 1499 1680; x_wconf 83' lang='lat' dir='ltr'><strong>circa</strong></span> <span class='ocrx_word' id='word_1_194' title='bbox 1536 1644 1668 1680; x_wconf 85' lang='lat' dir='ltr'><strong>eadem</strong></span> 
     </span>
     <span class='ocr_line' id='line_1_29' title="bbox 261 1712 1688 1761; baseline 0 -12"><span class='ocrx_word' id='word_1_195' title='bbox 261 1713 346 1749; x_wconf 84' lang='lat' dir='ltr'><strong>loca</strong></span> <span class='ocrx_word' id='word_1_196' title='bbox 377 1726 459 1749; x_wconf 88' lang='lat' dir='ltr'><strong>cum</strong></span> <span class='ocrx_word' id='word_1_197' title='bbox 493 1714 606 1750; x_wconf 81' lang='lat' dir='ltr'><strong>sociis</strong></span> <span class='ocrx_word' id='word_1_198' title='bbox 637 1714 798 1749; x_wconf 86' lang='lat' dir='ltr'><strong>nominis</strong></span> <span class='ocrx_word' id='word_1_199' title='bbox 831 1713 955 1749; x_wconf 87' lang='lat' dir='ltr'><strong>Latini</strong></span> <span class='ocrx_word' id='word_1_200' title='bbox 986 1714 1230 1758; x_wconf 78' lang='lat' dir='ltr'><strong>hibernabat3</strong></span> <span class='ocrx_word' id='word_1_201' title='bbox 1272 1714 1441 1761; x_wconf 81' lang='lat' dir='ltr'><strong>legiones</strong></span> <span class='ocrx_word' id='word_1_202' title='bbox 1472 1712 1688 1758; x_wconf 40' lang='lat' dir='ltr'><strong>Romanaef</strong></span> 
     </span>
     <span class='ocr_line' id='line_1_30' title="bbox 262 1782 1668 1832; baseline 0.001 -14"><span class='ocrx_word' id='word_1_203' title='bbox 262 1783 364 1832; x_wconf 88' lang='lat' dir='ltr'><strong>quod</strong></span> <span class='ocrx_word' id='word_1_204' title='bbox 396 1783 487 1819; x_wconf 82' lang='lat' dir='ltr'><strong>vitio</strong></span> <span class='ocrx_word' id='word_1_205' title='bbox 520 1783 599 1819; x_wconf 85' lang='lat' dir='ltr'><strong>dies</strong></span> <span class='ocrx_word' id='word_1_206' title='bbox 631 1783 812 1819; x_wconf 84' lang='lat' dir='ltr'><strong>exercitui</strong></span> <span class='ocrx_word' id='word_1_207' title='bbox 843 1783 891 1819; x_wconf 85' lang='lat' dir='ltr'><strong>ad</strong></span> <span class='ocrx_word' id='word_1_208' title='bbox 922 1782 1221 1821; x_wconf 80' lang='lat' dir='ltr'><strong>conveniendum</strong></span> <span class='ocrx_word' id='word_1_209' title='bbox 1257 1784 1358 1820; x_wconf 88' lang='lat' dir='ltr'><strong>dicta</strong></span> <span class='ocrx_word' id='word_1_210' title='bbox 1388 1791 1488 1828; x_wconf 73' lang='lat' dir='ltr'><strong>crat,</strong></span> <span class='ocrx_word' id='word_1_211' title='bbox 1535 1785 1668 1821; x_wconf 87' lang='lat' dir='ltr'><strong>Romae</strong></span> 
     </span>
     <span class='ocr_line' id='line_1_31' title="bbox 262 1853 1667 1902; baseline 0 -13"><span class='ocrx_word' id='word_1_212' title='bbox 262 1861 493 1889; x_wconf 84' lang='lat' dir='ltr'><strong>manserant.</strong></span> <span class='ocrx_word' id='word_1_213' title='bbox 574 1854 625 1890; x_wconf 90' lang='lat' dir='ltr'><strong>Et</strong></span> <span class='ocrx_word' id='word_1_214' title='bbox 669 1862 871 1902; x_wconf 69' lang='lat' dir='ltr'><strong>praetoreS‚</strong></span> <span class='ocrx_word' id='word_1_215' title='bbox 918 1861 1054 1901; x_wconf 80' lang='lat' dir='ltr'><strong>praeter</strong></span> <span class='ocrx_word' id='word_1_216' title='bbox 1097 1853 1140 1890; x_wconf 90' lang='lat' dir='ltr'><strong>C.</strong></span> <span class='ocrx_word' id='word_1_217' title='bbox 1187 1855 1382 1902; x_wconf 85' lang='lat' dir='ltr'><strong>Papirium</strong></span> <span class='ocrx_word' id='word_1_218' title='bbox 1429 1853 1667 1898; x_wconf 80' lang='lat' dir='ltr'><strong>Carbonem,</strong></span> 
     </span>
     <span class='ocr_line' id='line_1_32' title="bbox 261 1923 1667 1972; baseline -0.002 -11"><span class='ocrx_word' id='word_1_219' title='bbox 261 1925 319 1961; x_wconf 88' lang='lat' dir='ltr'><strong>cui</strong></span> <span class='ocrx_word' id='word_1_220' title='bbox 361 1924 539 1961; x_wconf 83' lang='lat' dir='ltr'><strong>Sardinia</strong></span> <span class='ocrx_word' id='word_1_221' title='bbox 579 1932 777 1967; x_wconf 73' lang='lat' dir='ltr'><strong>evenerat,</strong></span> <span class='ocrx_word' id='word_1_222' title='bbox 829 1925 865 1960; x_wconf 85' lang='lat' dir='ltr'><strong>in</strong></span> <span class='ocrx_word' id='word_1_223' title='bbox 910 1925 1127 1972; x_wconf 86' lang='lat' dir='ltr'><strong>provincias</strong></span> <span class='ocrx_word' id='word_1_224' title='bbox 1165 1925 1253 1961; x_wconf 87' lang='lat' dir='ltr'><strong>iere.</strong></span> <span class='ocrx_word' id='word_1_225' title='bbox 1325 1924 1423 1961; x_wconf 88' lang='lat' dir='ltr'><strong>Eum</strong></span> <span class='ocrx_word' id='word_1_226' title='bbox 1455 1923 1512 1960; x_wconf 87' lang='lat' dir='ltr'><strong>ius</strong></span> <span class='ocrx_word' id='word_1_227' title='bbox 1542 1923 1667 1959; x_wconf 83' lang='lat' dir='ltr'><strong>dicere</strong></span> 
     </span>
     <span class='ocr_line' id='line_1_33' title="bbox 259 1994 1666 2042; baseline -0.003 -10"><span class='ocrx_word' id='word_1_228' title='bbox 259 1996 394 2032; x_wconf 85' lang='lat' dir='ltr'><strong>Romae</strong></span> <span class='ocrx_word' id='word_1_229' title='bbox 425 1996 528 2041; x_wconf 87' lang='lat' dir='ltr'><strong>(nam</strong></span> <span class='ocrx_word' id='word_1_230' title='bbox 562 2007 643 2030; x_wconf 87' lang='lat' dir='ltr'><strong>eam</strong></span> <span class='ocrx_word' id='word_1_231' title='bbox 676 2007 828 2042; x_wconf 90' lang='lat' dir='ltr'><strong>quoque</strong></span> <span class='ocrx_word' id='word_1_232' title='bbox 857 2002 998 2030; x_wconf 84' lang='lat' dir='ltr'><strong>sortem</strong></span> <span class='ocrx_word' id='word_1_233' title='bbox 1020 1995 1202 2042; x_wconf 77' lang='lat' dir='ltr'><strong>habebat)</strong></span> <span class='ocrx_word' id='word_1_234' title='bbox 1232 1995 1330 2031; x_wconf 87' lang='lat' dir='ltr'><strong>inter</strong></span> <span class='ocrx_word' id='word_1_235' title='bbox 1359 1994 1460 2030; x_wconf 82' lang='lat' dir='ltr'><strong>cives</strong></span> <span class='ocrx_word' id='word_1_236' title='bbox 1491 2000 1528 2029; x_wconf 85' lang='lat' dir='ltr'><strong>et</strong></span> <span class='ocrx_word' id='word_1_237' title='bbox 1557 2005 1666 2042; x_wconf 90' lang='lat' dir='ltr'><strong>pere-</strong></span> 
     </span>
    </p>
   </div>
   <div class='ocr_carea' id='block_1_9' title="bbox 259 2067 814 2116">
    <p class='ocr_par' dir='ltr' id='par_1_10' title="bbox 259 2067 814 2116">
     <span class='ocr_line' id='line_1_34' title="bbox 259 2067 814 2116; baseline -0.004 -14"><span class='ocrx_word' id='word_1_238' title='bbox 259 2067 389 2116; x_wconf 86' lang='lat' dir='ltr'><strong>grinos</strong></span> <span class='ocrx_word' id='word_1_239' title='bbox 421 2074 548 2114; x_wconf 86' lang='lat' dir='ltr'><strong>patres</strong></span> <span class='ocrx_word' id='word_1_240' title='bbox 580 2072 814 2101; x_wconf 84' lang='lat' dir='ltr'><strong>censuerant.</strong></span> 
     </span>
    </p>
   </div>
   <div class='ocr_carea' id='block_1_10' title="bbox 260 2145 380 2148">
    <p class='ocr_par' dir='ltr' id='par_1_11' title="bbox 260 2145 380 2148">
     <span class='ocr_line' id='line_1_35' title="bbox 260 2145 380 2148; baseline 0 0"><span class='ocrx_word' id='word_1_241' title='bbox 260 2145 380 2148; x_wconf 95' lang='lat' dir='ltr'><strong> </strong></span> 
     </span>
    </p>
   </div>
   <div class='ocr_carea' id='block_1_11' title="bbox 256 2178 1665 2684">
    <p class='ocr_par' dir='ltr' id='par_1_12' title="bbox 256 2178 1665 2684">
     <span class='ocr_line' id='line_1_36' title="bbox 260 2178 1665 2220; baseline -0.001 -9"><span class='ocrx_word' id='word_1_242' title='bbox 260 2181 429 2211; x_wconf 76' lang='lat' dir='ltr'><strong>4iubetu1·</strong></span> <span class='ocrx_word' id='word_1_243' title='bbox 477 2180 509 2217; x_wconf 80' lang='lat'><strong>5,</strong></span> <span class='ocrx_word' id='word_1_244' title='bbox 530 2184 542 2210; x_wconf 85' lang='lat'>1</span> <span class='ocrx_word' id='word_1_245' title='bbox 567 2181 866 2211; x_wconf 83' lang='lat' dir='ltr'><strong>consideratuirum</strong></span> <span class='ocrx_word' id='word_1_246' title='bbox 907 2184 924 2212; x_wconf 88' lang='lat'>5</span> <span class='ocrx_word' id='word_1_247' title='bbox 952 2180 1069 2220; x_wconf 89' lang='lat' dir='ltr'><strong>inquid</strong></span> <span class='ocrx_word' id='word_1_248' title='bbox 1117 2180 1148 2217; x_wconf 81' lang='grc'><strong>6,</strong></span> <span class='ocrx_word' id='word_1_249' title='bbox 1165 2183 1182 2210; x_wconf 73' lang='grc'>2</span> <span class='ocrx_word' id='word_1_250' title='bbox 1199 2179 1378 2210; x_wconf 79' lang='lat' dir='ltr'><strong>haesitassis</strong></span> <span class='ocrx_word' id='word_1_251' title='bbox 1415 2182 1433 2209; x_wconf 89' lang='lat'>3</span> <span class='ocrx_word' id='word_1_252' title='bbox 1455 2178 1568 2219; x_wconf 89' lang='lat' dir='ltr'><strong>inquid</strong></span> <span class='ocrx_word' id='word_1_253' title='bbox 1586 2178 1590 2219; x_wconf 68' lang='grc' dir='ltr'><em>ξ</em></span> <span class='ocrx_word' id='word_1_254' title='bbox 1605 2187 1665 2218; x_wconf 84' lang='lat' dir='ltr'><strong>po·</strong></span> 
     </span>
     <span class='ocr_line' id='line_1_37' title="bbox 259 2237 1665 2280; baseline -0.003 -11"><span class='ocrx_word' id='word_1_255' title='bbox 259 2239 358 2280; x_wconf 87' lang='lat' dir='ltr'><strong>pilius</strong></span> <span class='ocrx_word' id='word_1_256' title='bbox 375 2246 526 2269; x_wconf 79' lang='lat' dir='ltr'><strong>senatum</strong></span> <span class='ocrx_word' id='word_1_257' title='bbox 543 2240 694 2269; x_wconf 81' lang='lat' dir='ltr'><strong>dextram</strong></span> <span class='ocrx_word' id='word_1_258' title='bbox 742 2237 771 2271; x_wconf 77' lang='grc'><strong>7.</strong></span> <span class='ocrx_word' id='word_1_259' title='bbox 789 2242 806 2268; x_wconf 76' lang='lat'><strong>‘2</strong></span> <span class='ocrx_word' id='word_1_260' title='bbox 836 2244 957 2279; x_wconf 75' lang='lat' dir='ltr'><strong>egypto</strong></span> <span class='ocrx_word' id='word_1_261' title='bbox 976 2238 1167 2277; x_wconf 50' lang='lat' dir='ltr'><strong>anthiocus¹</strong></span> <span class='ocrx_word' id='word_1_262' title='bbox 1184 2238 1396 2267; x_wconf 78' lang='lat' dir='ltr'><strong>concordiam</strong></span> <span class='ocrx_word' id='word_1_263' title='bbox 1424 2240 1442 2267; x_wconf 88' lang='lat'>3</span> <span class='ocrx_word' id='word_1_264' title='bbox 1459 2238 1665 2266; x_wconf 81' lang='lat' dir='ltr'><strong>conuenerat</strong></span> 
     </span>
     <span class='ocr_line' id='line_1_38' title="bbox 258 2291 1663 2337; baseline -0.002 -11"><span class='ocrx_word' id='word_1_265' title='bbox 258 2307 336 2337; x_wconf 80' lang='lat' dir='ltr'><strong>pars</strong></span> <span class='ocrx_word' id='word_1_266' title='bbox 356 2306 491 2336; x_wconf 82' lang='lat' dir='ltr'><strong>cyprum</strong></span> <span class='ocrx_word' id='word_1_267' title='bbox 509 2295 690 2326; x_wconf 74' lang='lat' dir='ltr'><strong>Perizonius</strong></span> <span class='ocrx_word' id='word_1_268' title='bbox 736 2301 755 2326; x_wconf 80' lang='lat'>4</span> <span class='ocrx_word' id='word_1_269' title='bbox 770 2296 970 2335; x_wconf 79' lang='lat' dir='ltr'><strong>nauigantur</strong></span> <span class='ocrx_word' id='word_1_270' title='bbox 1009 2299 1025 2325; x_wconf 89' lang='lat'>5</span> <span class='ocrx_word' id='word_1_271' title='bbox 1046 2295 1224 2336; x_wconf 62' lang='lat' dir='ltr'><strong>aegyptiae}</strong></span> <span class='ocrx_word' id='word_1_272' title='bbox 1241 2295 1398 2325; x_wconf 70' lang='lat' dir='ltr'><strong>anthioco</strong></span> <span class='ocrx_word' id='word_1_273' title='bbox 1418 2293 1513 2325; x_wconf 82' lang='lat' dir='ltr'><strong>Frob.</strong></span> <span class='ocrx_word' id='word_1_274' title='bbox 1530 2291 1578 2324; x_wconf 87' lang='lat' dir='ltr'><strong>II.</strong></span> <span class='ocrx_word' id='word_1_275' title='bbox 1596 2292 1663 2336; x_wconf 83' lang='lat' dir='ltr'><strong>ldi-</strong></span> 
     </span>
     <span class='ocr_line' id='line_1_39' title="bbox 259 2349 1663 2394; baseline -0.003 -10"><span class='ocrx_word' id='word_1_276' title='bbox 259 2355 434 2385; x_wconf 82' lang='lat' dir='ltr'><strong>mittuntur</strong></span> <span class='ocrx_word' id='word_1_277' title='bbox 474 2354 534 2388; x_wconf 77' lang='grc'><strong>8,1</strong></span> <span class='ocrx_word' id='word_1_278' title='bbox 558 2354 669 2384; x_wconf 73' lang='lat' dir='ltr'><strong>clm-ea</strong></span> <span class='ocrx_word' id='word_1_279' title='bbox 682 2364 739 2394; x_wconf 80' lang='lat' dir='ltr'><strong>pcr</strong></span> <span class='ocrx_word' id='word_1_280' title='bbox 753 2355 860 2392; x_wconf 68' lang='lat' dir='ltr'><strong>gentis</strong></span> <span class='ocrx_word' id='word_1_281' title='bbox 899 2358 916 2384; x_wconf 84' lang='lat'>2</span> <span class='ocrx_word' id='word_1_282' title='bbox 940 2354 1050 2385; x_wconf 83' lang='lat' dir='ltr'><strong>‹lubiae</strong></span> <span class='ocrx_word' id='word_1_283' title='bbox 1069 2354 1223 2393; x_wconf 74' lang='lat' dir='ltr'><strong>adempta</strong></span> <span class='ocrx_word' id='word_1_284' title='bbox 1240 2353 1415 2383; x_wconf 83' lang='lat' dir='ltr'><strong>anthiocus</strong></span> <span class='ocrx_word' id='word_1_285' title='bbox 1431 2357 1583 2392; x_wconf 81' lang='lat' dir='ltr'><strong>aegyptus</strong></span> <span class='ocrx_word' id='word_1_286' title='bbox 1603 2349 1663 2380; x_wconf 81' lang='lat' dir='ltr'><strong>ha-</strong></span> 
     </span>
     <span class='ocr_line' id='line_1_40' title="bbox 258 2407 1659 2452; baseline -0.003 -10"><span class='ocrx_word' id='word_1_287' title='bbox 258 2412 359 2442; x_wconf 84' lang='lat' dir='ltr'><strong>bente</strong></span> <span class='ocrx_word' id='word_1_288' title='bbox 409 2415 427 2441; x_wconf 88' lang='lat'>3</span> <span class='ocrx_word' id='word_1_289' title='bbox 454 2411 515 2450; x_wconf 82' lang='lat' dir='ltr'><strong>(ll.</strong></span> <span class='ocrx_word' id='word_1_290' title='bbox 543 2412 658 2452; x_wconf 78' lang='lat' dir='ltr'><strong>stirpe)</strong></span> <span class='ocrx_word' id='word_1_291' title='bbox 681 2414 685 2451; x_wconf 82' lang='grc' dir='ltr'>Ι</span> <span class='ocrx_word' id='word_1_292' title='bbox 708 2411 869 2452; x_wconf 74' lang='lat' dir='ltr'><strong>ptolomei</strong></span> <span class='ocrx_word' id='word_1_293' title='bbox 933 2411 965 2448; x_wconf 89' lang='lat'><strong>9,</strong></span> <span class='ocrx_word' id='word_1_294' title='bbox 996 2414 1008 2442; x_wconf 92' lang='lat' dir='ltr'><strong>l</strong></span> <span class='ocrx_word' id='word_1_295' title='bbox 1041 2410 1156 2442; x_wconf 86' lang='lat' dir='ltr'><strong>consul</strong></span> <span class='ocrx_word' id='word_1_296' title='bbox 1183 2411 1251 2440; x_wconf 85' lang='lat' dir='ltr'><strong>eius</strong></span> <span class='ocrx_word' id='word_1_297' title='bbox 1274 2412 1277 2444; x_wconf 84' lang='lat'><em>1</em></span> <span class='ocrx_word' id='word_1_298' title='bbox 1300 2410 1346 2441; x_wconf 88' lang='lat' dir='ltr'><strong>sic</strong></span> <span class='ocrx_word' id='word_1_299' title='bbox 1373 2409 1508 2440; x_wconf 82' lang='lat' dir='ltr'><strong>alterius</strong></span> <span class='ocrx_word' id='word_1_300' title='bbox 1559 2407 1614 2445; x_wconf 89' lang='lat'><strong>10,</strong></span> <span class='ocrx_word' id='word_1_301' title='bbox 1645 2410 1659 2438; x_wconf 92' lang='lat'>1</span> 
     </span>
     <span class='ocr_line' id='line_1_41' title="bbox 257 2465 1662 2509; baseline -0.004 -9"><span class='ocrx_word' id='word_1_302' title='bbox 257 2469 485 2508; x_wconf 84' lang='lat' dir='ltr'><strong>legationibus</strong></span> <span class='ocrx_word' id='word_1_303' title='bbox 506 2472 510 2504; x_wconf 88' lang='grc'>1</span> <span class='ocrx_word' id='word_1_304' title='bbox 533 2470 574 2499; x_wconf 85' lang='lat' dir='ltr'><strong>ad</strong></span> <span class='ocrx_word' id='word_1_305' title='bbox 594 2470 862 2500; x_wconf 87' lang='lat' dir='ltr'><strong>conueniendum</strong></span> <span class='ocrx_word' id='word_1_306' title='bbox 885 2469 970 2499; x_wconf 83' lang='lat' dir='ltr'><strong>dixit</strong></span> <span class='ocrx_word' id='word_1_307' title='bbox 997 2472 1015 2499; x_wconf 87' lang='lat'>2</span> <span class='ocrx_word' id='word_1_308' title='bbox 1043 2468 1339 2509; x_wconf 85' lang='lat' dir='ltr'><strong>templumintuitio</strong></span> <span class='ocrx_word' id='word_1_309' title='bbox 1358 2468 1443 2498; x_wconf 85' lang='lat' dir='ltr'><strong>diem</strong></span> <span class='ocrx_word' id='word_1_310' title='bbox 1471 2470 1490 2497; x_wconf 87' lang='lat'>3</span> <span class='ocrx_word' id='word_1_311' title='bbox 1518 2465 1662 2496; x_wconf 83' lang='lat' dir='ltr'><strong>relatum</strong></span> 
     </span>
     <span class='ocr_line' id='line_1_42' title="bbox 259 2523 1660 2567; baseline -0.003 -10"><span class='ocrx_word' id='word_1_312' title='bbox 259 2533 309 2558; x_wconf 88' lang='lat' dir='ltr'><strong>cst</strong></span> <span class='ocrx_word' id='word_1_313' title='bbox 336 2526 407 2567; x_wconf 44' lang='lat' dir='ltr'><strong>llly.</strong></span> <span class='ocrx_word' id='word_1_314' title='bbox 435 2526 506 2557; x_wconf 86' lang='lat' dir='ltr'><strong>Em.</strong></span> <span class='ocrx_word' id='word_1_315' title='bbox 534 2526 607 2558; x_wconf 75' lang='lat'><strong>597</strong></span> <span class='ocrx_word' id='word_1_316' title='bbox 670 2527 723 2564; x_wconf 80' lang='lat'><strong>11,</strong></span> <span class='ocrx_word' id='word_1_317' title='bbox 754 2531 766 2558; x_wconf 93' lang='lat' dir='ltr'><strong>l</strong></span> <span class='ocrx_word' id='word_1_318' title='bbox 797 2536 935 2567; x_wconf 79' lang='lat' dir='ltr'><strong>campus</strong></span> <span class='ocrx_word' id='word_1_319' title='bbox 971 2526 976 2566; x_wconf 89' lang='grc' dir='ltr'>Ι</span> <span class='ocrx_word' id='word_1_320' title='bbox 1006 2526 1128 2556; x_wconf 85' lang='lat' dir='ltr'><strong>montis</strong></span> <span class='ocrx_word' id='word_1_321' title='bbox 1208 2529 1226 2556; x_wconf 82' lang='lat'>2</span> <span class='ocrx_word' id='word_1_322' title='bbox 1253 2525 1410 2556; x_wconf 78' lang='lat' dir='ltr'><strong>habuitur</strong></span> <span class='ocrx_word' id='word_1_323' title='bbox 1435 2523 1580 2554; x_wconf 84' lang='lat' dir='ltr'><strong>deninde</strong></span> <span class='ocrx_word' id='word_1_324' title='bbox 1641 2525 1660 2553; x_wconf 91' lang='lat'>3</span> 
     </span>
     <span class='ocr_line' id='line_1_43' title="bbox 259 2580 1660 2624; baseline -0.003 -9"><span class='ocrx_word' id='word_1_325' title='bbox 259 2583 366 2615; x_wconf 77' lang='lat' dir='ltr'><strong>Drak.</strong></span> <span class='ocrx_word' id='word_1_326' title='bbox 382 2584 569 2615; x_wconf 83' lang='lat' dir='ltr'><strong>hibernavit</strong></span> <span class='ocrx_word' id='word_1_327' title='bbox 603 2584 655 2621; x_wconf 79' lang='grc'><strong>12,</strong></span> <span class='ocrx_word' id='word_1_328' title='bbox 676 2589 686 2615; x_wconf 88' lang='lat' dir='ltr'><strong>l</strong></span> <span class='ocrx_word' id='word_1_329' title='bbox 719 2594 865 2616; x_wconf 77' lang='lat' dir='ltr'><strong>romanae</strong></span> <span class='ocrx_word' id='word_1_330' title='bbox 881 2593 913 2624; x_wconf 90' lang='lat' dir='ltr'><strong>q.</strong></span> <span class='ocrx_word' id='word_1_331' title='bbox 930 2583 1012 2614; x_wconf 88' lang='lat' dir='ltr'><strong>uitio</strong></span> <span class='ocrx_word' id='word_1_332' title='bbox 1047 2587 1066 2613; x_wconf 89' lang='grc'><strong>3</strong></span> <span class='ocrx_word' id='word_1_333' title='bbox 1091 2590 1278 2614; x_wconf 83' lang='lat' dir='ltr'><strong>manscrent</strong></span> <span class='ocrx_word' id='word_1_334' title='bbox 1314 2582 1368 2621; x_wconf 87' lang='grc'><strong>13,</strong></span> <span class='ocrx_word' id='word_1_335' title='bbox 1384 2586 1402 2613; x_wconf 85' lang='grc'><strong>2</strong></span> <span class='ocrx_word' id='word_1_336' title='bbox 1417 2583 1484 2613; x_wconf 87' lang='lat' dir='ltr'><strong>iere</strong></span> <span class='ocrx_word' id='word_1_337' title='bbox 1499 2580 1660 2612; x_wconf 87' lang='lat' dir='ltr'><strong>eumdum</strong></span> 
     </span>
     <span class='ocr_line' id='line_1_44' title="bbox 256 2640 1309 2684; baseline 0 -12"><span class='ocrx_word' id='word_1_338' title='bbox 256 2641 309 2672; x_wconf 87' lang='lat' dir='ltr'><strong>ius</strong></span> <span class='ocrx_word' id='word_1_339' title='bbox 334 2640 425 2672; x_wconf 73' lang='lat' dir='ltr'><strong>Fe&#39;eri</strong></span> <span class='ocrx_word' id='word_1_340' title='bbox 442 2647 554 2682; x_wconf 80' lang='lat' dir='ltr'><strong>potest,</strong></span> <span class='ocrx_word' id='word_1_341' title='bbox 580 2648 613 2673; x_wconf 84' lang='lat' dir='ltr'><strong>ut</strong></span> <span class='ocrx_word' id='word_1_342' title='bbox 636 2641 761 2684; x_wconf 78' lang='lat' dir='ltr'><strong>aliquid</strong></span> <span class='ocrx_word' id='word_1_343' title='bbox 784 2641 935 2674; x_wconf 75' lang='lat' dir='ltr'><strong>exciderit</strong></span> <span class='ocrx_word' id='word_1_344' title='bbox 957 2646 1028 2683; x_wconf 79' lang='lat' dir='ltr'><strong>post</strong></span> <span class='ocrx_word' id='word_1_345' title='bbox 1050 2642 1129 2673; x_wconf 87' lang='lat' dir='ltr'><strong>dum</strong></span> <span class='ocrx_word' id='word_1_346' title='bbox 1174 2644 1194 2672; x_wconf 88' lang='lat'>3</span> <span class='ocrx_word' id='word_1_347' title='bbox 1220 2646 1309 2673; x_wconf 84' lang='lat' dir='ltr'><strong>sorte</strong></span> 
     </span>
    </p>
   </div>
  </div>
 </body>
</html>
