1753 2934
302 129 351 165 24
863 128 1032 160 Perioehae

245 257 438 288 Tarentinis
464 259 571 295 venit,
607 268 672 298 quo
699 259 788 290 sacto
819 259 861 290 ab
888 261 927 290 iis
956 259 1065 291 soedus
1091 261 1252 292 violatum
1279 268 1340 292 est.
1397 262 1462 294 Res
1488 268 1648 303 praeterea

246 323 363 349 contra
391 318 545 350 Lucanos
571 325 602 350 et
629 319 777 351 Bruttios
803 327 837 351 et
863 322 1030 352 Samnites
1056 320 1199 352 feliciter
1223 330 1335 362 gestas
1363 329 1395 354 et
1417 323 1535 364 Pyrrhi
1561 324 1648 364 regis

246 383 385 410 mortem
412 380 569 411 continet.

806 487 869 519 Ex
893 488 981 519 LIB.
1009 487 1086 519 XV.

339 560 448 593 Victis
477 563 664 595 Tarentinis
689 574 756 604 pax
782 570 814 595 et
838 565 974 596 libertas
1001 566 1076 596 (lata
1104 571 1164 596 est.
1217 564 1323 605 Legio
1351 565 1541 607 Campana,
1576 576 1648 608 quae

247 622 391 662 Regium
428 632 669 665 occupaverat,
711 626 867 662 obsessa,
906 627 1075 657 deditione
1112 625 1219 666 faeta,
1257 628 1364 658 securi
1399 637 1556 668 percussa
1589 635 1648 660 est.

250 682 358 721 Quum
394 685 523 725 legatos
553 686 817 726 Apolloniatium
851 688 892 718 ad
924 694 1078 719 senatum
1108 688 1229 719 missos
1257 689 1391 728 quidam
1418 690 1553 720 iuvenes
1577 690 1650 730 pul-

247 752 391 786 sassent,
427 748 529 777 dediti
566 755 644 778 sunt
674 749 953 789 Apolloniatibus.
1014 749 1209 781 Picentibus
1246 751 1340 781 victis
1381 760 1447 790 pax
1481 752 1559 782 data
1590 759 1648 783 est.

249 806 399 838 Coloniae
425 809 576 840 deductae
598 810 788 840 Ariminum
815 811 847 840 in
875 810 1011 850 Piceno,
1036 811 1263 841 Beneventum
1291 812 1323 842 in
1353 811 1500 844 Samnio.
1554 813 1649 848 Tune

247 869 391 909 primum
427 871 570 911 populus
602 872 775 903 Romanus
816 878 955 912 argento
992 873 1039 902 uti
1079 873 1186 913 coepit.
1260 872 1375 904 Umbri
1410 880 1442 904 et
1476 874 1650 907 Sallentini

247 929 325 960 victi
351 930 385 960 in
411 931 617 964 deditionem
643 933 773 974 accepti
804 940 891 966 sunt.
952 933 1163 971 Quaestorum
1197 945 1353 967 numerus
1386 936 1565 976 ampliatus
1591 942 1650 968 est.

245 996 283 1022 ut
307 998 421 1023 essent
447 999 523 1024 oceo.

802 1102 864 1133 EX
892 1102 978 1133 LIB.
1006 1102 1102 1134 XVI.

342 1175 446 1216 Origo
463 1176 790 1217 Carthaginiensium
810 1184 842 1209 ct
859 1179 1041 1219 primordia
1067 1177 1157 1209 urbis
1184 1189 1297 1209 eorum
1324 1178 1520 1211 referuntur.
1563 1177 1651 1210 Con-

248 1242 300 1267 tra
340 1246 422 1277 quos
469 1244 501 1268 et
538 1238 719 1269 Hieronem
758 1249 870 1280 regem
911 1240 1198 1280 Syracusanorum
1240 1241 1402 1271 auxilium
1444 1240 1652 1272 Mamertinis·

248 1297 421 1329 ferendum
447 1306 583 1331 senatus
610 1301 755 1336 censuit,
790 1312 890 1342 quum
918 1303 958 1332 de
984 1313 1023 1333 ea
1048 1312 1081 1333 re
1107 1303 1191 1332 inter
1217 1303 1405 1339 suadentes,
1433 1308 1468 1334 ut
1493 1303 1524 1333 id
1550 1302 1652 1339 fieret,

249 1360 549 1401 dissuadentesque
576 1363 746 1393 eontentio
775 1362 909 1398 fuissem
947 1363 1230 1404 transgressisque
1269 1370 1345 1394 tunc
1383 1363 1525 1405 primum
1564 1373 1652 1394 mare

249 1422 453 1453 exercitibus
479 1423 660 1460 Romanis,
688 1425 844 1456 adversus
870 1425 1051 1456 Hieronem
1079 1426 1199 1466 saepius
1228 1426 1312 1456 bene
1339 1434 1537 1466 pugnatum.
1587 1424 1651 1455 Pe-

250 1485 330 1515 tenti
354 1494 422 1525 pax
447 1484 526 1515 data
551 1491 610 1516 est.
648 1485 805 1517 Lustrum
825 1498 845 1518 a
860 1487 1054 1518 censoribus
1069 1487 1252 1518 conditum.
1293 1485 1403 1518 Censa
1428 1492 1505 1518 sunt
1531 1487 1650 1517 civium

247 1547 358 1587 capita.
400 1536 659 1580 fficffxoxxss
703 1548 928 1580 CCXXXIV.
999 1548 1042 1578 D.
1071 1546 1185 1578 Iunius
1215 1548 1339 1580 Brutus
1365 1558 1486 1580 munus
1524 1548 1651 1588 gladia·

247 1609 369 1640 torium
408 1610 626 1642 inhonorem
661 1610 808 1642 defuncti
850 1610 953 1650 patris
993 1610 1121 1650 primus
1165 1610 1278 1641 edidit.
1328 1607 1472 1641 Colonia
1497 1609 1651 1641 AEsernia

248 1671 391 1702 deducta
417 1678 475 1703 est.
525 1673 591 1704 Res
622 1679 783 1714 praeterea
810 1678 925 1704 contra
950 1671 1074 1703 Poenos
1100 1678 1133 1703 et
1158 1672 1333 1703 Vulsinios
1358 1680 1517 1712 prospere
1543 1676 1651 1711 gestas

245 1733 405 1764 eontinet.

791 1840 854 1871 EX
879 1840 966 1871 LIB.
993 1840 1108 1871 XVII.

341 1917 402 1948 Cn.
419 1916 597 1948 Cornelius
625 1917 741 1947 consul
762 1927 782 1947 a
800 1917 907 1948 classe
921 1917 1052 1948 Punic-a
1078 1917 1324 1948 circumventus
1349 1919 1381 1945 et
1405 1924 1465 1956 per
1490 1915 1651 1953 fraudem,

246 1979 339 2010 velut
363 1980 395 2010 in
423 1978 628 2018 colloquium
656 1983 824 2016 evocatus,
856 1985 973 2019 captus
999 1984 1061 2010 est.
1112 1976 1150 2009 C.
1182 1977 1328 2009 Duillius
1354 1977 1471 2008 consul
1497 1978 1652 2010 adversus

246 2041 388 2072 classem
416 2041 598 2072 Poenorum
624 2050 782 2081 prospere
808 2041 986 2081 pugnavit,
1026 2039 1220 2081 primusque
1247 2038 1394 2069 omnium
1421 2039 1651 2071 Romanorum

247 2103 370 2134 ducum
403 2103 531 2134 navalis
567 2102 712 2133 victoriae
746 2103 841 2132 duxit
875 2102 1088 2142 triumphum.
1143 2100 1192 2132 Ob
1227 2110 1326 2140 quam
1359 2109 1495 2132 eausam
1521 2100 1551 2131 ei
1577 2110 1652 2141 per-

245 2169 366 2204 petuus
393 2173 526 2204 quoque
553 2164 659 2194 honos
685 2164 820 2194 habitus
846 2170 906 2197 est,
932 2168 969 2194 ut
995 2163 1168 2194 revertenti
1194 2172 1214 2192 a
1240 2171 1324 2192 cena
1349 2161 1486 2192 tibicine
1513 2167 1651 2193 canente

242 2224 358 2256 funale
383 2225 604 2266 praeferretur.
654 2225 693 2256 L.
723 2224 896 2256 Cornelius
923 2225 1042 2256 consul
1068 2225 1100 2255 in
1127 2223 1282 2255 Sardinia
1313 2229 1347 2254 et
1373 2220 1511 2254 Corsica
1537 2228 1651 2254 contra

245 2286 369 2318 Sardos
405 2293 437 2318 et
467 2287 588 2319 Corsos
627 2292 659 2318 et
692 2287 892 2318 Hannonem
928 2286 1107 2317 Poenorum
1149 2285 1266 2316 ducem
1305 2283 1445 2315 feliciter
1481 2284 1651 2325 pugnavit.

246 2349 372 2380 Atilius
401 2348 575 2380 Calatinus
599 2358 665 2380 cos.
694 2358 796 2388 quum
831 2348 862 2378 in
901 2347 1013 2378 locum
1050 2356 1069 2377 a
1094 2346 1207 2377 Poenis
1233 2346 1489 2377 circumsessum
1529 2352 1651 2377 temere

246 2411 432 2441 exercitum
458 2411 617 2448 duxisset,
643 2410 691 2441 M.
719 2409 890 2451 Calpurnii
917 2409 1041 2439 tribuni
1059 2408 1202 2438 militum
1225 2408 1346 2438 virtute
1365 2413 1397 2438 et
1415 2417 1515 2448 opera
1533 2408 1651 2446 evasit,

246 2472 303 2512 qui
342 2482 416 2502 cum
456 2470 544 2502 CCC
586 2471 750 2502 militibus
788 2471 962 2512 eruptione
999 2469 1089 2501 sacta
1131 2469 1243 2500 hostes
1285 2469 1319 2500 in
1355 2478 1390 2500 se
1428 2474 1649 2501 converterat.

245 2533 419 2564 Hannibal
445 2534 513 2564 dux
538 2533 732 2570 Poenorum,
763 2533 851 2563 vieta
885 2533 1009 2570 classe,
1046 2532 1098 2562 eui
1124 2530 1319 2572 praesuerat,
1355 2541 1374 2562 a
1399 2531 1558 2563 militibus
1583 2530 1650 2562 suis

245 2596 277 2625 in
315 2603 445 2625 crucem
483 2595 635 2626 sublatus
668 2600 729 2625 est.
780 2594 906 2626 Atilius
932 2594 1084 2634 Regulus
1119 2593 1236 2624 consul
1270 2592 1365 2624 victis
1398 2593 1508 2624 navali
1534 2592 1651 2634 proelio

245 2655 360 2686 Poenis
386 2656 418 2685 in
445 2655 596 2686 Africam
624 2656 763 2686 traiecit.
