1753 2934
266 129 284 161 4
293 130 314 162 (j
825 123 995 155 Periocliae

208 255 477 296 repugnantibus
493 255 520 285 ei
535 255 739 294 aliquamdiu
755 255 917 296 patribus,
932 255 1064 295 legibus
1082 255 1210 286 solutus
1225 262 1257 285 et
1270 256 1386 287 consul
1404 262 1534 287 creatus
1548 263 1608 288 est.

210 316 267 346 Μ’.
280 315 441 346 Manilius
467 315 596 356 aliquot
620 315 719 346 urbes
746 317 1001 356 circumpositas
1022 316 1217 356 Carthagini
1244 318 1460 358 expugnavit.
1506 317 1611 348 Pseu-

207 377 421 417 dophilippus
448 377 479 407 in
500 376 711 415 Macedonia,
739 386 826 408 caeso
853 387 928 408 cum
955 378 1105 408 exercitu
1131 378 1169 409 P.
1197 378 1350 410 Iuventio
1376 383 1535 419 praetore,
1567 379 1609 409 ab

207 437 249 475 Q.
279 436 417 468 Caecilio
447 438 556 469 victus
583 446 765 480 captusque
791 445 841 470 cst
866 445 897 468 et
922 445 1057 479 recepta
1083 439 1294 470 Macedonia.

779 546 840 576 EX
869 545 954 576 LIB.
982 545 1038 576 LI.

300 619 486 659 Carthago,
536 621 568 650 in
603 621 778 652 circuitum
813 622 936 652 XXIII
961 632 1118 662 passuum
1153 628 1288 662 patena,
1335 631 1460 662 magno
1495 622 1610 654 labore

204 682 342 712 obsessa
369 686 400 711 et
426 690 484 720 per
509 688 622 722 partes
649 689 747 723 capta
775 690 842 719 cst;
874 683 1016 724 primum
1045 693 1061 713 a
1089 683 1249 714 Mancino
1274 683 1399 723 legato,
1436 684 1557 714 deinde
1591 694 1610 714 a

204 742 361 783 Scipione
389 752 478 778 cos.,
517 743 570 773 cui
607 750 699 773 extra
736 750 859 774 sortem
894 745 1063 785 provincia
1090 744 1208 775 Africa
1236 745 1315 775 data
1341 750 1420 775 orat.
1469 743 1609 776 Cartha-

203 805 373 844 ginienses
399 809 498 844 portu
527 815 632 838 novo,
667 806 745 844 quia
773 813 867 836 vctns
894 817 911 836 a
941 806 1097 846 Scipione
1124 812 1193 836 erat
1219 807 1428 843 obstructus,
1464 806 1552 838 sacto
1579 814 1609 837 et

204 872 377 896 contracta
403 866 488 896 clam
517 867 640 906 exiguo
667 874 815 907 tempore
842 868 952 907 ampla
979 867 1105 907 classe,
1141 866 1320 898 infeliciter
1354 868 1464 898 navali
1490 867 1608 909 proelio

202 933 445 968 pugnaverunt.
498 927 718 959 Hasdrubalis
753 938 896 969 quoque,
939 928 1031 958 ducis
1067 938 1190 966 eorum,
1225 933 1334 959 castra
1360 929 1401 959 ad
1428 929 1606 970 Nepherim

202 989 360 1029 oppidum
395 989 471 1019 loco
497 987 624 1019 difficili
660 990 721 1020 sita
757 1000 831 1020 cum
861 990 1009 1021 (xercitu
1044 990 1157 1020 deleta
1189 996 1263 1021 suut
1298 1001 1315 1020 a
1342 989 1517 1031 Scipione,
1553 992 1606 1032 qui

202 1052 336 1081 tandem
364 1051 467 1081 urbem
500 1053 705 1091 expugnavit
737 1052 1032 1092 septingentesimo
1071 1061 1176 1085 anno,
1215 1062 1314 1092 quam
1354 1058 1423 1082 erat
1461 1053 1606 1082 conditu.

201 1112 392 1152 Spoliorum
421 1112 528 1142 maior
553 1122 629 1153 pars
656 1113 796 1149 Siculis,
833 1114 952 1153 quihus
988 1113 1099 1144 ablata
1132 1118 1244 1150 crant,
1279 1114 1420 1144 reddita.
1481 1113 1607 1145 Ultimo

200 1174 291 1204 urbis
314 1173 447 1203 excidio
472 1183 571 1214 quum
599 1183 633 1204 se
660 1175 851 1205 Hasdrubal
880 1175 1029 1216 Scipioni
1069 1174 1233 1213 (ledisset,
1277 1184 1361 1204 uxor
1399 1176 1487 1213 eius,
1535 1184 1606 1215 quae

200 1236 314 1275 paucis
342 1242 418 1265 ante
445 1236 563 1266 dicbus
589 1237 629 1265 de
656 1237 776 1267 marito
803 1237 982 1276 impetrare
1010 1245 1076 1266 non
1104 1241 1275 1275 potuerat,
1312 1241 1345 1264 ut
1375 1235 1416 1264 ad
1443 1235 1605 1266 victorem

199 1296 466 1335 transfugerent,
499 1297 533 1326 in
566 1287 711 1327 mediu'm
745 1307 781 1327 se
812 1297 986 1336 flagrantis
1021 1297 1111 1327 urbis
1147 1297 1337 1327 incendium
1373 1306 1446 1326 cum
1475 1296 1605 1328 duobus

199 1358 312 1389 liberis
339 1369 380 1389 ex
406 1368 482 1388 arce
512 1359 743 1399 praecipitavit.
797 1359 910 1399 Scipio
938 1358 1092 1399 exemplo
1124 1358 1228 1399 patris
1260 1358 1309 1388 sui
1341 1358 1469 1388 AEmilii
1496 1358 1604 1390 Pauli.

200 1421 253 1460 qui
281 1420 518 1450 Macedoniam
546 1419 688 1457 vicerat,
726 1421 823 1451 ludos
849 1420 927 1451 fecit
953 1419 1212 1459 transfugasque
1239 1430 1277 1450 ae
1305 1419 1466 1458 fugitivos
1493 1420 1607 1452 bestiis

200 1481 333 1512 obiecit.
383 1481 470 1512 Belli
498 1481 640 1513 Achaici
669 1482 797 1513 semina
825 1481 1015 1512 reseruntur
1039 1481 1120 1520 haee,
1149 1482 1236 1521 quod
1264 1481 1366 1520 legati
1394 1481 1537 1511 Romani
1564 1481 1606 1512 ab

200 1542 335 1573 Achaeis
361 1543 485 1583 pulsati
513 1544 577 1573 sint
605 1542 774 1582 Corinthi,
807 1543 919 1581 missi,
946 1549 983 1573 ut
1008 1553 1064 1573 cas
1091 1543 1260 1579 civitates,
1289 1551 1361 1582 qum
1387 1543 1448 1573 sub
1475 1543 1607 1574 dicione

198 1604 344 1645 Philippi
369 1604 511 1641 fucrant,
545 1605 587 1635 ab
613 1605 765 1636 Achaico
792 1605 936 1635 concilio
961 1611 1181 1635 secernerent.

761 1711 823 1742 EX
851 1711 935 1742 LIB.
964 1711 1035 1742 LII.

292 1784 376 1817 Cum
403 1787 559 1825 Achaeis,
597 1788 652 1827 qui
690 1788 721 1817 in
758 1789 884 1819 auxilio
911 1789 1048 1819 Boeotos
1086 1793 1117 1817 ct
1149 1785 1389 1817 Chalcidenses
1424 1785 1604 1821 habebant,

202 1846 239 1884 Q.
270 1847 426 1879 Caecilius
452 1848 609 1879 Metellus
644 1850 686 1879 ad
718 1850 963 1890 Thermopylas
999 1849 1087 1880 bello
1123 1848 1282 1879 conflixit.
1344 1845 1474 1884 Quibus
1509 1846 1605 1877 victis

197 1910 266 1940 «lux
292 1919 407 1940 eorum
440 1908 609 1941 Critolaus
636 1916 777 1941 mortem
815 1911 876 1941 sibi
913 1920 1040 1941 veneno
1067 1910 1240 1940 conscivit.
1291 1908 1328 1939 In
1365 1908 1459 1939 cuius
1492 1907 1602 1938 locum

199 1972 328 2008 Diaeus,
369 1971 513 2002 Achaici
552 1978 664 2002 motus
707 1973 830 2012 primus
871 1978 1004 2010 auctor,
1047 1973 1088 2003 ab
1116 1971 1251 2002 Achaeis
1290 1971 1358 2000 dux
1395 1974 1524 2001 creatus
1561 1969 1602 1999 ad

196 2033 349 2063 Isthmon
371 2042 391 2062 a
410 2033 448 2063 L.
467 2033 631 2064 Mummio
659 2044 727 2065 ρος.
755 2036 862 2065 victus
889 2040 956 2073 cst;
983 2033 1050 2074 qui,
1077 2033 1315 2063 omniAchaia
1339 2033 1374 2063 in
1400 2032 1603 2062 deditionem

196 2100 345 2135 accepta,
373 2092 559 2126 Corinthon
587 2105 628 2125 ex
655 2095 720 2127 SC.
749 2097 860 2133 diruit,
887 2097 965 2135 quia
991 2096 1036 2126 ibi
1063 2095 1164 2134 legati
1190 2095 1331 2125 Romani
1358 2093 1470 2124 violati
1497 2099 1602 2124 erant.

196 2156 323 2186 Thebae
349 2166 481 2196 quoquc
505 2163 538 2187 et*
556 2156 703 2195 Chalcis,
734 2167 806 2198 quae
832 2158 959 2188 auxilio
985 2157 1127 2194 fuerant,
1154 2157 1282 2187 dirutae.
1332 2155 1406 2196 Ipse
1432 2155 1470 2186 L.
1494 2154 1603 2185 Mum-

196 2219 282 2249 mius
320 2218 641 2248 abstinentissimum
685 2219 791 2249 virum
834 2219 919 2258 egit,
975 2229 1036 2250 nee
1078 2219 1255 2259 quicquam
1301 2228 1342 2248 ex
1392 2217 1439 2248 cis
1483 2217 1602 2257 opibus

197 2281 488 2320 ornamentisque,
543 2289 615 2320 quae
658 2281 821 2321 praedives
861 2280 1042 2312 Corinthos
1088 2281 1220 2316 habuit,
1273 2280 1306 2310 in
1351 2280 1486 2309 domum
1532 2278 1603 2308 eius

194 2341 357 2382 pervenit.
409 2341 449 2378 Q.
483 2341 637 2372 Caecilius
665 2342 822 2373 Metellus
849 2344 888 2373 sle
920 2343 1084 2373 Andrisco
1111 2341 1335 2382 triumphavit,
1362 2339 1400 2370 P.
1428 2339 1603 2371 Cornelius

198 2400 403 2445 [Africanus]
433 2403 546 2444 Scipio
572 2403 778 2434 AEmiliauus
811 2405 852 2435 ‹le
881 2405 1086 2444 Carthagine
1119 2410 1152 2434 et
1179 2402 1402 2434 Hasdrubale.
1454 2402 1602 2433 Viriatus

194 2465 226 2495 in
254 2465 419 2505 Hispania
444 2466 585 2505 primum
614 2474 655 2495 cx
680 2472 815 2506 pastore
840 2473 993 2503 venator,
1031 2475 1072 2495 ex
1097 2471 1256 2495 venatore
1282 2465 1386 2502 latro,
1420 2474 1499 2495 mox
1524 2465 1599 2495 iusti

195 2536 328 2566 quoque
354 2528 521 2557 exercitus
548 2527 616 2556 dux
642 2526 762 2567 factus,
794 2535 899 2559 totam
919 2527 1127 2559 Lusitaniam
1155 2526 1343 2566 occupavit,
1369 2526 1416 2557 M.
1438 2526 1599 2557 Vetilium

195 2593 380 2628 praetorcm,
415 2588 489 2619 suso
535 2589 607 2620 eius
643 2590 802 2627 exercitu,
839 2590 937 2630 cepit,
974 2597 1048 2630 post
1089 2598 1186 2628 quem
1227 2589 1263 2619 C.
1291 2587 1444 2619 Plautius
1481 2594 1602 2629 praetor

194 2649 300 2680 nihilo
333 2648 461 2681 felicius
496 2660 562 2681 rem
599 2652 721 2690 gessit3
764 2657 960 2691 tantumque
987 2659 1146 2682 terrorem
1183 2652 1210 2681 is
1246 2650 1351 2681 hostis
1386 2650 1516 2687 intulit,
1566 2656 1600 2681 ut
