1742 2902
433 108 537 140 Liber
561 107 688 139 xL111.
740 108 802 147 (A.
831 104 910 137 chr.
943 105 1036 147 170.)
1310 108 1383 143 123

137 231 283 268 Eodem
323 236 495 279 tempore
531 231 578 267 de
617 229 661 269 C.
694 229 851 274 Cassio,
898 230 963 277 qui
1001 228 1133 265 consul
1173 228 1301 276 priore
1340 240 1440 263 anno

29 301 172 345 fuerat,
214 307 291 336 tum
331 301 504 336 tribunus
539 301 698 336 militum
738 300 775 335 in
807 299 1037 336 Macedonia
1074 311 1158 334 cum
1190 300 1241 334 A.
1273 297 1441 333 Hostilio

29 377 120 414 erat,
153 370 315 417 querelae
353 370 402 406 ad
443 377 617 406 senatum
649 369 784 405 delatae
815 376 920 414 sunt,
946 376 996 409 vet
1026 368 1141 416 legati
1172 367 1271 415 regis
1305 365 1440 403 Gallo-

27 453 107 479 rum
139 438 312 476 Cincibili
356 446 553 475 venerunt.
632 440 770 475 Frater
803 439 883 474 eius
927 440 1046 474 verba
1086 438 1123 474 in
1162 444 1296 473 senatu
1339 436 1440 480 fecit,

28 516 191 559 questum,
222 509 450 556 Alpinorum
483 508 712 556 populorum
740 520 867 556 agros,
898 509 1088 558 sociorum
1120 520 1289 551 suorum2
1321 507 1439 554 depo-

26 579 194 629 pulatum
237 576 279 614 C.
311 577 486 614 Cassium
533 590 615 614 esse
656 584 691 613 et
734 578 820 613 iude
854 578 973 613 multa
1018 578 1122 613 milia
1166 577 1362 612 hominum
1402 576 1440 611 in

25 648 240 686 servitutem
282 648 508 695 abripuisse.
582 647 661 685 Sub
700 648 798 683 idem
839 655 988 696 tempus
1028 646 1242 684 Carnorum
1282 646 1438 681 Histro-

23 730 180 765 rumque
218 724 251 753 εἰ
288 718 476 766 Iapydum
519 717 635 765 legati
679 725 884 753 venerunt:
935 718 1063 753 Duces
1101 717 1173 753 sibi
1204 717 1252 751 ab
1284 714 1440 751 consule

24 785 156 825 Cassio
193 788 356 835 primum
397 787 628 834 imperatos,
674 787 738 834 qui
780 787 816 822 iu
847 787 1116 823 Macedoniam
1148 786 1298 821 ducenti
1329 797 1438 821 exer-

22 855 131 894 eitum
171 857 242 892 iter
280 863 554 901 monstrarent3
599 864 778 904 pacatum
819 857 866 892 ab
908 870 966 899 se,
1009 865 1206 904 tamquam
1247 854 1295 889 ad
1334 853 1437 888 aliud

21 925 156 964 bellum
196 926 425 974 gerendum3
471 926 616 970 abisse;
662 927 749 962 inde
790 939 836 961 ex
875 926 1000 962 medio
1045 937 1260 974 regressum
1304 923 1438 958 itinere

0 994 205 1034 »hostiliter
245 1008 474 1044 peragrasse
512 997 606 1032 fines
644 1009 755 1040 suos}
798 996 920 1032 caedes
959 996 1103 1044 passim
1138 995 1371 1042 rapinasque
1402 998 1439 1027 et

0 1057 190 1102 lincendia
220 1065 340 1109 fac-2213
371 1078 439 1101 nec
466 1078 507 1101 se
538 1066 587 1101 ad
617 1067 655 1102 id
676 1066 846 1102 locorum
876 1066 986 1109 seire,
1017 1073 1175 1113 propter
1203 1076 1316 1111 quam
1346 1075 1437 1098 eau-

0 1146 98 1172 ιΒαιῐι
130 1136 274 1172 consuli
306 1149 375 1184 pro
407 1137 580 1172 hostibus
614 1135 766 1172 fuerint.
814 1136 862 1172 Er
894 1136 1027 1183 regulo
1055 1135 1258 1172 Gallorum
1288 1131 1437 1168 absenti

0 1210 55 1242 ’et
81 1205 139 1241 his
170 1205 322 1253 populis
351 1217 576 1252 responsum
609 1214 684 1251 est,
715 1214 889 1242 senatum
923 1219 987 1250 ea,
1020 1218 1104 1253 quae
1134 1205 1239 1241 facta
1273 1214 1437 1250 queran-

0 1279 94 1319 =tur‚
131 1287 255 1322 neque
295 1275 411 1311 scisse
441 1275 572 1311 futura
611 1289 760 1323 neque,
798 1277 828 1312 si
859 1276 932 1311 sint
964 1275 1090 1319 faeta,
1120 1275 1299 1323 probare.
1361 1271 1438 1308 Sed

0 1343 155 1382 *indicta
194 1358 312 1381 causa
354 1345 530 1381 damnari
569 1347 763 1381 absentem
797 1346 1037 1381 consularem
1069 1345 1213 1387 virum,
1256 1342 1436 1378 iniurium

17 1426 110 1461 esse,
142 1428 225 1451 cum
260 1416 291 1451 is
322 1415 558 1463 reipublicae
591 1428 709 1451 causa
741 1416 853 1451 absit.
903 1416 982 1453 [bi
1014 1428 1061 1451 ex
1083 1414 1315 1451 Macedonia
1349 1413 1435 1448 red-

15 1483 103 1522 issiet
133 1484 176 1522 C.
209 1485 387 1521 Cassius.
428 1492 529 1530 tum,
561 1486 593 1522 si
623 1498 752 1521 eoram
786 1499 870 1521 eum
908 1498 1069 1533 arguere
1098 1484 1251 1527 vellent,
1282 1483 1436 1530 cognita

14 1567 54 1592 re
95 1562 268 1591 senatum
306 1555 481 1591 daturum
520 1569 698 1604 operam,
743 1556 797 1591 uti
838 1555 1011 1591 satisfiat.
1086 1555 1171 1591 *Nee
1210 1552 1434 1600 responderi

15 1628 159 1662 tantum
191 1625 236 1661 iis
267 1626 456 1674 gentibus,
488 1626 555 1661 sed
585 1626 734 1674 legatos
770 1625 881 1670 mitti,
913 1626 1007 1661 duos
1041 1625 1089 1660 ad
1122 1623 1296 1671 regulum
1327 1630 1433 1658 trans

10 1689 147 1743 Alpes,
176 1702 252 1731 tres
283 1695 385 1731 circa
415 1707 480 1731 eos
513 1695 678 1744 populos
709 1695 864 1743 placuit,
898 1695 963 1742 qui
993 1694 1217 1737 indicarent,
1250 1705 1333 1740 quae
1363 1706 1432 1740 pa-

14 1759 110 1801 {rum
148 1757 338 1801 sententia
375 1772 485 1800 esset.
550 1766 716 1801 Munera
758 1765 855 1800 mitti
894 1764 1030 1812 legatis
1071 1777 1118 1799 ex
1151 1763 1249 1799 binis
1282 1763 1433 1798 milibus

15 1834 96 1870 aeris
127 1841 367 1872 censuerunt.
434 1835 597 1870 Duobus
630 1835 813 1871 fratribus
846 1834 969 1882 reguli
998 1835 1078 1870 haee
1108 1834 1320 1882 praecipua,
1353 1840 1431 1868 tor-

16 1914 106 1952 ques
138 1904 213 1940 duo
239 1917 287 1940 ex
317 1905 484 1952 quinque
514 1906 642 1952 pondo
675 1905 758 1940 auri
788 1903 893 1949 facti,
924 1911 959 1940 et
989 1916 1086 1940 vasa
1109 1910 1292 1952 argentea
1323 1902 1431 1950 quin-

15 1983 87 2021 que
115 1986 162 2009 ex
193 1973 326 2022 viginti
360 1974 509 2022 pondo,
552 1982 589 2010 et
620 1975 696 2010 duo
727 1974 815 2021 equi
844 1974 1033 2021 phalerati
1066 1987 1151 2010 eum
1184 1973 1430 2021 agasonibus,

15 2046 52 2079 et
78 2044 270 2091 equestria
301 2057 409 2079 arma
440 2051 476 2080 et
515 2044 670 2093 sagula,
711 2051 749 2080 et
786 2044 988 2080 comitibus
1028 2056 1160 2080 eorum
1191 2044 1430 2088 vestimenta,

15 2242 58 2288 V,
83 2248 114 2288 1,
141 2255 158 2281 2
186 2250 297 2284 fuerat
322 2263 398 2284 cum
424 2255 567 2285 tribunis
592 2254 756 2285 militibus
818 2257 836 2283 3
868 2253 1034 2293 quaerellae
1091 2257 1111 2283 4
1137 2254 1284 2284 cineibili
1310 2259 1429 2284 tenue-

13 2309 90 2349 ,ΠΜ
136 2308 168 2346 2,
188 2313 199 2339 l
228 2317 378 2341 senatum
418 2316 436 2342 2
457 2319 605 2352 quaestus
628 2313 632 2352 1
655 2312 899 2353 depopulorum
925 2322 953 2341 e.
980 2311 1110 2342 cassius
1163 2311 1195 2349 3,
1216 2315 1227 2342 1
1246 2312 1280 2341 id
1296 2318 1428 2352 tempus

15 2371 143 2418 Kreyss.
167 2378 172 2417 Ι
193 2378 568 2422 histrorumquepydum
617 2380 651 2418 4,
670 2385 681 2411 l
701 2370 892 2422 paeanitum
915 2379 920 2419 Ι
943 2381 984 2410 ad
1002 2380 1093 2410 aliud
1117 2381 1149 2410 id
1175 2381 1304 2411 bellum
1346 2385 1364 2411 2
1385 2391 1429 2411 ex

13 2431 337 2475 mediocregressum
351 2438 520 2469 hostiliter
533 2440 649 2470 itinere
665 2448 862 2480 peragrasse
906 2442 924 2468 3
940 2448 1018 2469 suos
1033 2439 1135 2468 duces
1150 2439 1275 2479 passim
1293 2438 1425 2480 Kreyss.

15 2486 131 2532 (Gr-yn.
147 2492 249 2524 duces
263 2495 336 2533 om.)
372 2495 403 2530 5.
421 2500 438 2526 2
455 2503 576 2528 senatu
589 2500 592 2538 1
607 2503 800 2537 quaerantur
848 2495 880 2530 6,
898 2500 915 2525 2
933 2501 970 2526 tu
1023 2494 1054 2533 7,
1071 2499 1089 2526 3
1106 2496 1190 2536 alpis
1213 2498 1217 2534 Ι
1240 2497 1430 2527 indicarent

14 2554 47 2588 ᾳ
91 2553 110 2579 4
129 2559 202 2581 esse
251 2551 284 2589 8,
301 2556 319 2582 2
339 2554 405 2584 duo
423 2553 543 2585 fratres
562 2554 688 2594 regulis
707 2553 780 2594 1119.
804 2553 926 2595 (Gryn.
944 2553 1076 2585 duobus
1101 2553 1262 2584 fratribus
1283 2554 1427 2593 regulis)

15 2617 37 2645 4
59 2606 245 2657 phalaierati
294 2623 312 2651 5
340 2609 632 2662 armatautsagula
659 2621 732 2663 M92
759 2621 880 2664 (Gryn.
909 2632 1003 2653 arma
1029 2632 1068 2653 ac
1094 2622 1230 2663 sagula)
