1742 2902
502 125 603 156 Liber
627 124 718 155 XLI.
770 127 831 164 (A.
851 124 912 158 ch.
935 126 1027 165 176.)
1367 129 1410 164 19

56 247 284 283 ludatus**
315 245 484 293 Senatus,
517 249 651 284 litteris
683 229 846 292 auditis,
877 249 1058 285 tumultus
1089 249 1168 284 eius
1199 258 1315 282 causa
1346 246 1467 294 legio-

58 328 141 352 nem
170 316 319 351 tertiam
353 317 400 352 ad
433 316 475 355 C.
495 316 695 353 Claudium
729 319 993 365 proconsulem
1017 319 1053 354 in
1076 318 1245 355 Galliam
1279 317 1467 365 proficisci

56 385 176 429 iussit,
208 392 244 420 et
274 386 496 423 duumviros
532 387 689 423 navales
729 400 812 422 eum
860 388 981 424 classe
1013 389 1125 424 Pisas
1157 389 1221 425 ire.
1254 387 1317 435 qui
1351 388 1466 435 Ligu-

56 468 136 491 rum
169 467 289 498 oram,
322 457 562 492 maritumum
597 470 749 505 quoque
783 466 965 493 terrorem
999 459 1268 497 admoventes.
1307 458 1467 493 circum-

56 532 307 561 vectarentur.
386 526 532 562 Eodem
566 528 678 563 Pisas
723 534 760 562 et
793 527 839 574 Q.
872 528 1032 563 Petilius
1076 528 1209 563 consul
1248 528 1294 563 ad
1327 540 1466 563 conve-

55 595 231 631 niendum
263 596 445 632 exercitui
481 597 573 633 diem
604 597 789 634 edixerat.
868 597 918 632 Et
948 597 991 633 C.
1025 596 1209 633 Claudius
1249 597 1466 645 proconsul,

55 664 184 700 audita
223 665 430 702 rebellione
462 666 667 714 Ligurum„
711 673 848 714 praeter
892 679 956 703 eas
995 667 1151 713 copias.
1199 680 1294 715 quas
1338 680 1465 703 secum

54 734 206 771 Parmae
243 735 431 778 habebat..
476 736 670 772 subitariis
716 736 883 773 collectis
915 735 1118 780 militibus,
1164 737 1372 773 exereitum
1418 736 1467 772 ad

53 804 146 840 fines
178 804 361 852 Ligurum
394 805 578 840 admovit.

180 874 323 910 Hostes
363 875 433 909 sub
473 874 678 910 adventum
724 873 766 911 C.
800 873 960 914 Claudi,
1003 888 1025 910 a
1061 887 1136 921 quo
1181 875 1275 910 duee
1316 888 1356 910 se
1387 888 1463 911 me-

53 942 239 978 minerant
270 955 391 991 nuper
421 944 468 979 ad
507 943 926 983 Scultennam,flumen
963 943 1082 978 victos
1113 943 1367 990 fugatosque,
1408 945 1465 980 lo·

51 1023 179 1048 corum
214 1013 335 1060 magis
368 1014 544 1061 praesislio
579 1014 763 1049 adversus
794 1012 996 1048 infeliciter
1021 1019 1216 1060 expertam
1240 1013 1315 1048 vim
1349 1027 1464 1061 quam

51 1081 167 1118 armis
183 1094 224 1117 se
254 1082 458 1124 defensuri.
489 1084 585 1119 duos
617 1090 776 1125 montes,
798 1084 932 1119 Letum
965 1089 1001 1117 et
1023 1082 1239 1127 Ballistam,
1271 1091 1465 1131 ceperunt,

51 1152 356 1199 murofossszque
386 1153 541 1200 insuper
568 1153 747 1200 amplexi.
791 1152 960 1188 Tardius
991 1164 1038 1187 ex
1073 1153 1175 1199 agris
1207 1153 1465 1201 demigrantes

51 1221 222 1268 oppressi
254 1222 302 1258 ad
327 1222 370 1258 M
401 1229 438 1258 et
475 1223 511 1258 D
543 1223 747 1270 perierunt.
813 1221 938 1258 Ceteri
971 1223 1161 1257 montibus
1201 1235 1241 1258 se
1272 1225 1464 1269 tenebant,

49 1295 85 1326 et
115 1303 161 1326 ne
191 1291 227 1326 in
260 1298 359 1327 metu
392 1293 542 1339 quidem
575 1292 738 1328 feritatis
759 1292 935 1339 ingenitae
955 1291 1075 1335 obliti,
1105 1293 1267 1328 saeviunt
1296 1294 1333 1329 in
1366 1307 1464 1342 prae-

49 1359 151 1403 dam,
182 1373 265 1408 quae
287 1360 444 1396 Mutinae
473 1368 587 1408 parta
621 1367 715 1396 erat.
761 1360 948 1408 Captivos
978 1373 1062 1397 cum
1097 1361 1200 1398 foeda
1230 1363 1465 1400 laceratione

48 1429 294 1474 interficiunt3
327 1443 468 1478 pecora
496 1431 534 1467 in
565 1431 664 1467 fanis
695 1431 886 1466 trucidant
915 1431 1042 1466 verius
1073 1431 1214 1479 passim
1248 1445 1362 1479 quam
1393 1435 1465 1470 rite

47 1499 275 1538 sacrificant.
357 1500 494 1536 satiati
533 1501 634 1536 caede
672 1500 946 1545 animantium,
993 1513 1077 1548 quae
1124 1501 1295 1537 inanima
1343 1511 1464 1548 erant,

47 1568 256 1616 parietibus
288 1569 471 1617 adfigunt,
502 1581 597 1605 vasa
628 1570 750 1605 omnis
780 1569 954 1617 generis,
986 1571 1069 1606 usui
1101 1571 1224 1619 magis
1256 1584 1370 1619 quam
1403 1586 1464 1610 or-

48 1645 227 1674 namento
258 1638 296 1674 in
326 1639 491 1687 speeiem
522 1638 638 1675 facta.
711 1639 759 1686 Q.
790 1640 950 1676 Petilius
982 1640 1126 1682 consul,
1157 1653 1204 1675 ne
1234 1642 1392 1678 absente
1422 1655 1463 1680 se

48 1707 323 1752 debellaretur,
373 1709 519 1744 litteras
550 1710 599 1745 ad
632 1708 675 1748 C.
709 1708 912 1746 Claudium
945 1709 1058 1753 misit,
1106 1715 1147 1744 ut
1176 1721 1259 1746 cum
1294 1714 1463 1750 exercitu

48 1777 97 1813 ad
125 1789 166 1814 se
195 1778 232 1814 in
265 1778 436 1814 Galliam
467 1779 630 1823 veniret3
677 1780 823 1827 campis
854 1779 999 1815 Macris
1040 1791 1082 1814 se
1118 1792 1202 1816 eum
1237 1790 1462 1829 expectatu-

46 1859 141 1884 rum.
208 1848 361 1885 Litteris
392 1849 572 1896 aeceptiS,
618 1847 802 1884 Claudius
844 1861 891 1884 ex
929 1848 1136 1895 Liguribus
1177 1858 1306 1886 castra
1344 1853 1463 1889 movit

47 1918 332 1966 exercitumque
375 1918 423 1953 ad
469 1930 628 1966 campos
666 1919 820 1953 Macros
867 1918 1015 1954 consuli
1059 1918 1228 1956 tradidit.
1311 1920 1460 1957 Eodem

46 1987 177 2035 paucis
207 1995 295 2036 post
324 1988 457 2024 diebus
485 1987 528 2025 C.
544 1988 581 2023 V
586 1987 725 2023 alerius
756 1987 889 2024 consul
919 1987 1017 2023 alter
1045 1987 1160 2023 venit.
1227 1988 1299 2033 Ibi,
1330 1990 1461 2026 divisis

45 2178 77 2217 8,
108 2184 121 2211 1
151 2181 405 2221 oodemipsased
433 2192 464 2222 q.
492 2180 640 2222 paetilius
668 2179 799 2221 Kreyss.
829 2178 948 2220 (Gryn.
969 2179 1100 2210 Eodem
1120 2186 1152 2210 et
1169 2179 1207 2217 Q.
1228 2181 1282 2220 P.)
1322 2186 1340 2213 2
1366 2193 1462 2214 exer-

47 2237 147 2269 citum
176 2239 330 2269 edixerat
378 2239 411 2276 9,
439 2243 458 2269 3
485 2247 602 2279 parme
624 2237 629 2277 1
653 2237 812 2268 subitaris
860 2236 992 2274 XVIH,
1021 2237 1051 2273 1,
1072 2241 1089 2267 2
1111 2238 1307 2270 cultennam
1356 2243 1375 2270 4
1402 2242 1461 2272 de-

45 2293 197 2326 fensurus
220 2296 225 2336 Ι
248 2296 362 2327 laetum
423 2299 439 2325 5
468 2304 651 2335 murosque
678 2295 816 2335 insuper
842 2292 914 2334 Illy.
941 2293 1014 2325 Em.
1037 2293 1121 2325 502.
1151 2294 1266 2337 (Gryn.
1294 2307 1458 2338 muroque

45 2351 126 2392 ins.)
172 2353 205 2389 2,
234 2357 252 2384 2
280 2355 322 2384 ad
350 2363 384 2384 00
408 2359 440 2383 et
466 2353 497 2384 d.
558 2353 590 2386 3.
620 2356 638 2382 3
667 2361 731 2391 que
789 2350 822 2387 4,
855 2355 866 2381 1
898 2361 963 2390 que
1011 2355 1029 2382 2
1058 2339 1234 2393 adtifigunt
1282 2358 1300 2384 3
1329 2354 1456 2386 factam

45 2407 77 2447 5,
108 2413 119 2440 1
149 2410 294 2451 paetilius
344 2410 375 2448 6,
403 2415 420 2441 2
451 2410 529 2441 Post
553 2410 691 2440 tradidit
714 2409 849 2449 spatium
877 2419 1008 2439 vacuum
1039 2420 1134 2450 usque
1162 2409 1209 2441 ad
1223 2410 1324 2449 finem
1351 2423 1458 2443 versus

44 2465 110 2500 fere
133 2466 176 2498 15
201 2466 386 2499 litterarum.
443 2466 614 2498 Proximus
639 2478 746 2497 versus
769 2466 934 2505 (Eodem)
960 2477 981 2496 a
1006 2465 1109 2498 littera
1132 2468 1310 2499 maiuscula
1335 2469 1455 2510 incipit.

46 2522 52 2563 Ι
78 2523 207 2555 Eodem
241 2531 390 2566 tempore
424 2525 542 2566 paucis
575 2523 674 2555 Frob.
703 2523 745 2555 II
775 2522 864 2564 (Cfr·
891 2522 964 2554 Em.
992 2523 1063 2556 492
1099 2531 1129 2555 et
1154 2524 1192 2556 de
1217 2525 1287 2557 cod.
1317 2526 1458 2568 Moyun-

43 2578 107 2611 1ino
130 2580 235 2621 362.)

1106 2639 1149 2658 θῆ-

1526 869 1576 914 18

1496 1645 1516 1679 οι

1495 1853 1517 1888 6

1495 1994 1514 2028 7
