1796 2929
183 333 224 365 15

182 605 226 641 1ss

181 744 224 778 17

208 1298 229 1333 10

319 144 387 177 154
673 139 774 170 Liber
799 137 927 169 XLIV.
968 138 1031 178 (A.
1053 148 1083 168 u.
1105 147 1133 168 e.
1155 138 1253 177 585.)

258 261 402 296 medios
433 258 596 295 evadere
627 259 767 303 hostes,
799 260 914 307 quod,
944 260 1015 296 nisi
1048 261 1085 296 di
1122 267 1283 296 mentem
1314 260 1394 307 regi
1429 260 1669 304 ademissent,

257 336 289 364 et
319 329 441 376 ipsum
472 328 634 376 ingentis
667 328 902 365 difficultatis
940 337 1033 368 erat.
1093 331 1195 366 Nam
1227 342 1310 366 curn
1337 329 1492 378 Olympi
1522 329 1668 365 radices

258 398 395 433 montis
435 397 564 445 paullo
602 398 686 446 plus
724 411 839 446 quam
871 399 971 435 mille
1010 412 1190 448 passuum
1223 400 1271 435 ad
1310 412 1417 436 mare
1456 399 1670 445 relinquant

257 466 443 514 spatium,
482 467 587 502 euius
618 467 814 504 dimidium
845 468 917 505 loci
949 476 1111 518 occupat
1151 470 1286 506 ostium
1329 469 1404 505 late
1442 474 1669 515 restagnans

259 535 430 584 Baphyri
461 535 594 580 amnis,
629 545 774 584 partem
807 537 973 584 planitiae
1003 545 1069 573 aut,
1098 538 1203 574 Iovis
1235 538 1416 587 templum
1456 544 1522 573 aut
1563 537 1670 585 oppi-

258 604 347 640 dum
379 611 501 649 tenet,
543 605 696 641 relicum
730 606 978 654 perexiguum
1022 607 1127 643 fossa
1159 608 1308 643 modica
1338 607 1518 654 valloque
1548 606 1671 642 claudi

260 680 427 721 poterat,
468 680 504 710 et
543 686 726 710 saxorum
764 676 812 710 ad
851 689 1003 713 manum
1035 676 1296 724 silvestrisque
1327 677 1494 713 materiae
1526 683 1671 712 tantum

259 750 352 787 crat,
383 749 422 786 ut
454 743 513 779 vel
536 756 665 779 murus
696 744 794 780 obici
822 751 1021 792 turresque
1048 745 1205 782 excitari
1237 746 1440 794 potuerint.
1500 746 1673 793 Quorum

260 812 351 848 nihil
372 825 455 849 cum
479 813 707 862 dispexisset
729 821 870 850 eaecata
893 827 999 851 mens
1029 816 1155 851 subito
1184 822 1341 859 terrore,
1372 816 1523 852 nudatis
1553 815 1674 851 omni-

262 883 330 917 bus
365 883 549 930 praesidiis
580 883 859 931 patefactisque
891 884 989 920 bello
1020 885 1140 932 portis
1172 885 1221 921 ad
1254 886 1427 934 Pydnam
1459 884 1612 933 refugit.

372 952 535 995 Consul,
575 953 777 1001 plurimum
821 960 857 989 et
888 954 1053 1002 praesidii
1085 962 1119 990 et
1151 955 1231 1003 spei
1262 967 1419 991 cernens
1449 956 1486 991 in
1517 954 1675 991 stultitia

262 1028 297 1057 et
327 1022 489 1069 segnitia
520 1022 659 1066 hostis,
698 1024 856 1059 remisso
889 1025 1019 1059 nuntio
1057 1023 1105 1059 ad
1137 1024 1203 1072 Sp.
1237 1025 1454 1061 Lucretium
1487 1024 1676 1064 Larisam,

262 1098 301 1127 ut
332 1091 489 1127 castella
519 1092 650 1128 relicta
681 1093 729 1128 ab
761 1094 869 1129 hoste
901 1093 1003 1129 circa
1036 1094 1184 1141 Tempe
1215 1100 1441 1142 occuparet,
1480 1094 1676 1142 praetnisso

263 1161 415 1209 Popilio
447 1161 496 1197 ad
527 1162 785 1210 explorandos
816 1163 998 1199 transitus
1029 1163 1129 1200 circa
1147 1163 1277 1208 Dium,
1309 1170 1513 1212 postquam
1546 1169 1678 1212 patere

263 1230 392 1266 onmia
422 1230 459 1266 in
490 1242 620 1267 omnes
651 1239 780 1280 partes
813 1232 1101 1275 animadvertit,
1137 1234 1313 1269 secundis
1343 1234 1478 1270 castris
1507 1233 1679 1282 pervenit

263 1299 311 1335 ad
342 1299 480 1344 Dium;
521 1302 731 1349 metarique
762 1303 832 1337 sub
863 1302 946 1349 ipso
977 1303 1142 1350 temple,
1182 1315 1228 1339 ne
1263 1304 1353 1351 quid
1384 1316 1494 1340 sacro
1524 1304 1562 1339 in
1594 1304 1678 1339 loco

261 1368 490 1413 violaretur,
520 1370 639 1406 iussit.
699 1371 806 1418 Ipse,
839 1372 969 1408 urbem
1000 1372 1193 1420 ingressus
1236 1372 1333 1408 sicut
1370 1385 1445 1409 non
1486 1385 1679 1420 magnam,

262 1439 315 1475 ita
346 1446 571 1476 exornatam
614 1440 774 1488 publicis
812 1441 905 1477 locis
943 1448 979 1476 et
1018 1442 1256 1478 multitudine
1302 1449 1514 1480 statuarum
1556 1443 1677 1478 muni—

261 1517 416 1557 tamque
447 1510 617 1558 egregie,
660 1510 725 1546 vix
755 1511 848 1547 satis
879 1511 1053 1555 credere,
1095 1511 1131 1547 in
1163 1512 1278 1548 tantis
1309 1513 1422 1548 rebus
1452 1513 1533 1548 sine
1563 1523 1678 1548 causa

262 1579 401 1615 relictis
422 1591 497 1614 non
520 1579 684 1627 aliquem
706 1581 862 1617 subesse
884 1581 1026 1616 dolum.
1086 1581 1216 1618 Unum
1238 1582 1335 1618 diem
1369 1581 1417 1616 ad
1440 1580 1676 1630 exploranda

261 1649 363 1685 eirea
393 1649 522 1685 omnia
554 1657 735 1694 moratus,
767 1658 894 1686 eastra
916 1657 1061 1694 movet3
1093 1652 1262 1698 satisque
1288 1651 1457 1695 eredens,
1487 1651 1524 1686 in
1548 1650 1676 1686 Pieria

263 1719 439 1755 frumenti
471 1719 620 1767 copiam
652 1719 747 1762 sore,
779 1733 823 1756 co
854 1720 913 1756 die
945 1721 993 1756 ad
1024 1733 1173 1757 amnem
1198 1721 1348 1756 nomine
1370 1721 1492 1768 Mityn
1522 1732 1676 1768 proces-

261 1789 320 1826 sit.
381 1789 544 1825 Postero
575 1789 636 1825 die
666 1802 904 1838 progressus,
936 1792 1110 1838 Agassas
1143 1791 1293 1834 urbem,
1325 1789 1563 1826 tradentibus
1595 1802 1676 1825 sese

262 1858 366 1906 ipsis,
396 1858 557 1906 recepin
593 1865 646 1895 et.
682 1866 720 1895 ut
751 1860 984 1907 reliquorum
1019 1859 1275 1895 Macedonum
1307 1859 1455 1895 animos
1485 1859 1554 1894 sibi
1587 1871 1675 1894 eon-

264 2125 324 2159 ]4.
353 2131 371 2157 3
410 2126 517 2158 hostis
545 2126 552 2167 Ι
582 2127 613 2156 di
649 2132 840 2156 mouentem
875 2126 1186 2166 reginmdemissent
1221 2126 1328 2166 ipsum
1356 2124 1511 2164 (Bimner
1542 2132 1574 2155 et
1605 2131 1675 2155 ante

263 2185 368 2223 ipsum
396 2183 552 2224 addidit.)
604 2183 687 2220 15,1
709 2183 840 2225 Kreyss.
870 2182 922 2214 Ol.
951 2184 1075 2214 montis
1102 2183 1251 2219 radices,
1278 2189 1367 2213 recle.
1423 2186 1440 2213 2
1467 2191 1603 2223 passum
1655 2186 1674 2212 3

262 2242 410 2271 hostium
439 2242 604 2282 4baply1-i
623 2240 779 2272 Proall.
804 2242 808 2280 Ι
831 2239 1006 2279 sufflaminis
1034 2244 1050 2271 5
1071 2246 1168 2271 teneo
1208 2240 1294 2276 16,2
1314 2236 1673 2281 potet-attliessalorum

262 2299 301 2329 ad
315 2298 409 2329 Frob.
424 2298 470 2330 II.
489 2301 604 2340 (Gy-3111.
621 2305 759 2340 poterat.
772 2299 893 2329 Thess.
908 2299 966 2338 ad)
985 2299 988 2337 ξ
1006 2297 1120 2328 maria}
1147 2302 1165 2328 3
1186 2303 1315 2337 poterat
1354 2297 1408 2331 17,
1423 2301 1441 2327 2
1466 2297 1674 2337 despexisset

295 2357 486 2386 mensubito
537 2361 555 2387 3
583 2357 673 2387 bello
700 2356 797 2387 sactis
825 2355 895 2396 My.
925 2356 1044 2397 (Gr-yn.
1073 2355 1174 2391 bello,
1201 2355 1257 2394 ad)
1281 2356 1285 2394 Ι
1308 2355 1524 2395 addypyl’am
1553 2353 1674 2393 refugit

264 2413 350 2446 VH.
397 2414 432 2450 1,
479 2417 489 2443 1
530 2415 673 2454 praesidii
708 2414 1021 2454 perspeciecerncns
1059 2411 1146 2443 Num
1189 2413 1372 2452 plurimum
1420 2421 1492 2443 esse
1529 2411 1673 2453 praesidii

262 2471 489 2511 perspiciens?
540 2476 557 2501 2
589 2472 685 2512 (it-yn.
714 2471 856 2510 segnitie
877 2471 882 2510 Ι
905 2469 1025 2500 hostiis
1049 2470 1052 2508 Ι
1075 2469 1395 2500 lucretiussarissam
1448 2473 1466 2499 3
1495 2475 1594 2509 temp.
1619 2478 1673 2498 oe-

263 2535 400 2568 cuparet
454 2530 470 2557 5
500 2528 533 2557 in
560 2529 668 2559 omnis
717 2528 748 2560 2.
781 2531 792 2558 l
824 2537 956 2558 sacrum
984 2528 1016 2557 in
1042 2526 1155 2557 locum
1205 2526 1273 2564 3‚1
1304 2536 1428 2565 magna
1477 2530 1496 2556 2
1522 2526 1673 2557 multitu-

261 2585 544 2615 dinesstatuarum
582 2589 600 2615 3
617 2586 760 2625 egregiae
808 2584 841 2622 4,
864 2588 882 2614 2
912 2584 1234 2624 moueturjcredens
1250 2584 1388 2624 imperia
1405 2582 1535 2624 Kreyss.
1551 2582 1671 2623 (Gy-y».

262 2643 402 2673 eredens
428 2644 596 2682 paratam)
648 2646 667 2672 3
694 2643 824 2683 copiam
854 2641 938 2672 ferre
961 2642 966 2680 Ι
989 2649 1096 2672 anem
1148 2641 1182 2678 5,
1214 2645 1225 2671 1
1256 2650 1409 2672 acassam
1441 2639 1539 2671 Gron.
