1753 2934
510 137 612 168 Liber
637 136 763 168 XLIV.
815 138 876 173 (A.
904 135 983 168 Chr.
1015 138 1109 176 168.)
1382 139 1449 174 191

102 260 250 305 intueri,
281 267 321 296 ut
352 259 474 303 facilc,
507 260 569 307 qui
601 264 788 303 cerneret,
828 261 966 304 sciret,-
1002 260 1065 296 ubi
1096 260 1259 308 primum
1290 260 1513 296 conserendi
1546 263 1567 293 to

102 342 256 366 manum
287 342 371 366 cum
403 329 513 365 hoste
541 329 633 365 data
666 328 818 365 occasio
837 335 948 365 esset.
977 335 1044 365 aut
1072 329 1233 366 victoria
1263 329 1418 377 egregia
1449 335 1515 364 aut

103 405 224 435 morte
254 398 495 434 memorabili
525 399 696 434 finituros
724 398 875 434 bellum.
935 399 1100 435 Perseus
1132 411 1297 447 quoque,
1327 411 1410 435 cum
1446 398 1514 435 ad·
1550 402 1595 434 10

102 475 215 505 ventu
246 468 411 505 consulis
441 468 552 504 simul
583 475 620 504 et
649 468 749 504 veris
792 467 979 516 principio
1024 474 1194 516 strepere
1225 469 1353 505 omnia
1384 481 1513 505 move-

101 539 209 586 rique
239 543 331 586 aput
360 537 512 581 hostes,
542 537 647 574 velut
677 549 780 574 novo
810 537 932 582 bello,v
975 544 1165 581 cerneret,
1212 545 1317 574 mota
1347 550 1370 574 a
1400 538 1513 575 Phila

102 614 230 644 castra
258 607 297 643 in
327 607 491 643 adversa
520 607 605 655 ripa
635 607 781 655 posit-a,
830 619 930 644 nunc
971 608 1020 644 ad
1060 607 1356 655 contemplanda
1395 621 1515 657 opera

100 689 171 714 sua
202 677 399 714 circumire
432 677 578 720 ducem,
608 677 711 713 haud
743 677 856 713 dubie
886 678 1067 714 transitus
1099 677 1362 725 speculantem.

100 959 136 993 in
162 961 342 1004 potestate
369 955 624 991 Romanorum
660 966 763 1000 esse,
795 967 880 1002 quae
909 966 970 992 res
1000 955 1186 992 Romanis
1218 955 1326 992 auxit
1355 955 1515 998 animos,
1575 948 1626 993 35

101 1026 380 1063 Macedonibus
409 1024 566 1073 regique
601 1037 731 1061 eorum
768 1026 863 1062 haut
899 1025 1130 1062 mediocrem
1161 1024 1287 1062 attulit
1317 1031 1513 1060 terrorem.

1550 1097 1570 1129 ¹0

100 1097 151 1133 Et
167 1097 290 1145 primo
308 1094 545 1143 supprimere
561 1095 598 1130 in
616 1095 764 1131 occulto
780 1094 925 1131 famam
943 1094 1023 1130 eius
1039 1094 1095 1130 rei
1112 1100 1168 1130 est
1186 1100 1359 1139 conatus,
1378 1094 1515 1138 missis,

102 1166 166 1214 qui
186 1165 455 1202 Pantauchum
481 1164 568 1200 inde
592 1165 804 1201 venientem
831 1164 1142 1213 adpropinquare
1170 1163 1305 1202 castris
1330 1169 1516 1201 vetarent.

102 1236 178 1273 Sed
223 1235 299 1271 iam
344 1241 380 1271 et
423 1233 532 1282 pueri
577 1233 730 1281 quidam
763 1235 833 1271 visi
872 1235 922 1271 ab
960 1234 1038 1270 suis
1069 1240 1196 1278 erant,
1237 1234 1334 1270 inter
1363 1233 1517 1270 obsides
1550 1236 1570 1270 3

100 1305 253 1354 Illyrios
286 1304 407 1348 ducti,
438 1310 493 1347 et,
526 1315 601 1351 quo
633 1316 793 1352 quaeque
825 1304 1039 1341 accuratius
1071 1304 1259 1340 celantur.
1291 1316 1336 1340 eo
1367 1303 1516 1340 facilius

100 1375 335 1424 loquacitate
364 1373 556 1421 regiorum
589 1372 847 1410 ministrorum
881 1380 1073 1410 emanant.
1125 1374 1204 1412 Sub
1234 1374 1334 1410 idern
1365 1379 1515 1422 tempus
1550 1379 1566 1410 4

102 1444 243 1482 Rhodii
280 1443 397 1492 legati
430 1443 468 1478 in
506 1448 631 1478 eastra
667 1450 852 1480 venerunt
897 1457 981 1482 cum
1022 1444 1154 1480 iisdem
1197 1446 1243 1480 de
1282 1455 1377 1492 pace
1410 1456 1516 1479 man-

101 1515 222 1558 datis,
274 1526 357 1562 quae
387 1513 521 1549 Romae
558 1512 748 1561 ingentem
779 1514 876 1550 iram
916 1520 1068 1562 patrum
1101 1513 1326 1551 excitavere.
1391 1512 1514 1549 Multo

99 1583 352 1631 iniquioribus
397 1582 532 1618 animis
573 1594 596 1618 a
639 1583 823 1619 castrensi
860 1583 1020 1620 consilio
1062 1583 1181 1619 auditi
1211 1591 1310 1619 sunt.
1374 1583 1514 1630 Itaque
1547 1590 1567 1618 Γ»

98 1665 183 1690 cum
220 1653 288 1689 aliz?
313 1653 335 1674 *
360 1653 382 1673 *
427 1651 491 1687 alii
535 1652 748 1700 praecipites
790 1653 870 1688 sine
909 1665 1095 1702 responso
1147 1653 1317 1701 agendos
1365 1653 1512 1696 castris,

96 1721 378 1771 pronuntiavit,
421 1728 510 1770 post
549 1721 648 1758 diem
693 1722 864 1770 quintum
896 1723 1083 1760 decimum
1115 1735 1155 1759 se
1186 1734 1411 1771 responsum
1444 1722 1512 1757 da-

94 1799 234 1831 turum.
296 1791 476 1836 Interimq
522 1797 562 1828 ut
604 1799 827 1841 appareret,
873 1799 1058 1842 quantum
1090 1793 1374 1842 pacificantium
1405 1793 1510 1829 Rho·
1544 1796 1564 1827 (j

91 2005 124 2044 9,
156 2009 168 2036 l
199 2007 254 2047 qui
282 2013 434 2038 cerneret
458 2007 516 2038 ubi
543 2007 614 2048 sssq.
637 2006 757 2049 (Gt-yn.
785 2013 821 2039 nt
845 2008 947 2039 facile
973 2010 1046 2049 quis
1073 2015 1235 2046 cerneret,
1262 2010 1335 2049 ubi)
1391 2013 1409 2039 2
1437 2009 1507 2039 uic-

92 2063 190 2116 tioria
215 2065 351 2104 egregio
410 2069 428 2096 3
457 2065 835 2096 memorabilisinituros
871 2065 1019 2097 fllia-etus
1051 2066 1168 2109 (Gryn.
1206 2066 1417 2098 memorabili
1443 2066 1506 2096 ini-

89 2132 196 2173 turos)
246 2133 301 2170 10,
328 2137 347 2164 3
374 2133 445 2174 pila
470 2133 561 2164 Fort.
589 2133 783 2164 scribendum
810 2145 829 2165 a
854 2134 953 2166 Phila
979 2141 1088 2167 castra
1114 2142 1147 2166 et
1171 2136 1205 2166 in
1232 2136 1306 2166 adv.
1347 2138 1364 2165 5
1394 2134 1504 2165 dubiae

91 2192 93 2231 }
124 2191 285 2231 speculan
333 2190 463 2222 Desinit
487 2190 536 2222 hic
557 2191 623 2232 sol.
650 2190 728 2222 134.
787 2191 1087 2234 Inlercz'ditfole'um
1110 2199 1298 2234 postremum
1323 2192 1505 2234 quaternio-

88 2247 136 2278 nis
163 2247 290 2286 XXV,
317 2248 349 2279 in
374 2259 434 2290 quo
462 2254 596 2280 extremo
621 2249 769 2290 scriptum
791 2256 879 2286 erat,
915 2251 1052 2281 nuntium
1086 2250 1124 2281 de
1153 2251 1262 2283 Gentio
1288 2251 1368 2282 viclo
1394 2256 1503 2291 capto-

81 2316 144 2347 ‘que
170 2306 200 2336 in
226 2312 334 2337 castra
357 2306 470 2338 Persei
493 2312 523 2337 et
544 2305 676 2338 zEmz'Ic'i
697 2306 851 2347 perlatum
879 2319 952 2339 csse.
1006 2308 1078 2340 Fol.
1105 2308 1175 2339 135
1201 2308 1310 2349 incipit
1335 2320 1354 2339 α
1380 2318 1502 2339 norum

87 2372 159 2394 esse
206 2363 358 2402 XXXV,
383 2364 415 2402 1,
443 2368 461 2394 2
489 2369 548 2395 aut
569 2365 574 2402 1
597 2373 742 2395 errorem
795 2365 828 2401 2,
858 2369 869 2396 l
901 2366 1085 2406 suprimere
1127 2369 1145 2397 2
1171 2371 1379 2407 pantaucum
1408 2367 1411 2406 J
1441 2366 1500 2396 ad-

83 2421 348 2462 propinquarent
408 2421 441 2459 3,
472 2425 485 2452 1
514 2421 640 2453 obsidis
700 2426 718 2453 2
746 2433 877 2464 quaque
908 2435 909 2439 ¹
940 2428 1076 2454 curatur
1105 2422 1203 2455 Gron.
1233 2423 1352 2464 (Gr-yn.
1379 2433 1500 2454 curan-

85 2478 156 2518 tur)
197 2477 230 2515 4,
247 2483 265 2509 2
281 2479 353 2509 rodi
367 2476 369 2503 !
383 2479 488 2510 isdem
527 2483 546 2509 3
574 2480 721 2510 excitare
738 2480 826 2511 Fort.
844 2481 1046 2512 excitarant.
1085 2480 1117 2517 5,
1135 2485 1152 2511 2
1169 2491 1245 2512 cum
1265 2481 1308 2512 ali
1335 2482 1496 2522 praeeipes

85 2535 252 2567 Lacunam
283 2535 381 2578 Gryn.
407 2535 531 2567 stellula
556 2538 705 2578 apposita
731 2538 859 2568 notavit.
911 2538 942 2568 A
967 2538 1072 2579 priore
1097 2538 1156 2569 alii
1181 2538 1228 2570 ad
1251 2538 1381 2569 alterum
1407 2539 1498 2569 aber-

83 2599 185 2624 ratum
211 2599 272 2631 est3
295 2594 410 2634 forma
436 2595 588 2625 orationis
610 2596 685 2636 sere
711 2594 891 2625 huiusmodi
910 2596 997 2636 fin't:
1030 2596 1086 2627 alii
1122 2597 1330 2628 severissime
1356 2606 1496 2637 respon-

82 2650 228 2681 dendum
255 2656 441 2689 censerent,
469 2652 526 2682 alii
553 2658 608 2683 cet.
640 2660 642 2689 ζ
673 2652 960 2692 agendosicastris
