<?xml version="1.0" encoding="UTF-8"?>
<!DOCTYPE html PUBLIC "-//W3C//DTD XHTML 1.0 Transitional//EN"
    "http://www.w3.org/TR/xhtml1/DTD/xhtml1-transitional.dtd">
<html xmlns="http://www.w3.org/1999/xhtml" xml:lang="en" lang="en">
 <head>
  <title>
</title>
<meta http-equiv="Content-Type" content="text/html;charset=utf-8" />
  <meta name='ocr-system' content='tesseract 3.04.00' />
  <meta name='ocr-capabilities' content='ocr_page ocr_carea ocr_par ocr_line ocrx_word'/>
</head>
<body>
  <div class='ocr_page' id='page_1' title='image "./p1historiarumrom04livyuoft_0249.png"; bbox 0 0 1753 2934; ppageno 0'>
   <div class='ocr_carea' id='block_1_1' title="bbox 460 140 1423 182">
    <p class='ocr_par' dir='ltr' id='par_1_1' title="bbox 460 140 1423 182">
     <span class='ocr_line' id='line_1_1' title="bbox 460 140 1423 182; baseline 0.007 -11"><span class='ocrx_word' id='word_1_1' title='bbox 460 141 562 172; x_wconf 76' lang='lat' dir='ltr'>Liber</span> <span class='ocrx_word' id='word_1_2' title='bbox 586 141 694 172; x_wconf 83' lang='lat' dir='ltr'>XLV.</span> <span class='ocrx_word' id='word_1_3' title='bbox 746 142 807 178; x_wconf 78' lang='lat' dir='ltr'>(A.</span> <span class='ocrx_word' id='word_1_4' title='bbox 836 140 914 172; x_wconf 79' lang='lat' dir='ltr'>Chr.</span> <span class='ocrx_word' id='word_1_5' title='bbox 947 142 1041 182; x_wconf 80' lang='lat'>168.)</span> <span class='ocrx_word' id='word_1_6' title='bbox 1347 143 1423 178; x_wconf 82' lang='lat'>215</span> 
     </span>
    </p>
   </div>
   <div class='ocr_carea' id='block_1_2' title="bbox 72 264 1483 1993">
    <p class='ocr_par' dir='ltr' id='par_1_2' title="bbox 72 264 1483 1436">
     <span class='ocr_line' id='line_1_2' title="bbox 79 264 1481 314; baseline -0.001 -13"><span class='ocrx_word' id='word_1_7' title='bbox 79 265 187 302; x_wconf 87' lang='lat' dir='ltr'>lituit.</span> <span class='ocrx_word' id='word_1_8' title='bbox 272 265 387 303; x_wconf 88' lang='lat' dir='ltr'>Pueri</span> <span class='ocrx_word' id='word_1_9' title='bbox 431 265 523 314; x_wconf 82' lang='lat' dir='ltr'>regii</span> <span class='ocrx_word' id='word_1_10' title='bbox 570 271 662 314; x_wconf 87' lang='lat' dir='ltr'>aput</span> <span class='ocrx_word' id='word_1_11' title='bbox 705 265 940 302; x_wconf 85' lang='lat' dir='ltr'>Macedonas</span> <span class='ocrx_word' id='word_1_12' title='bbox 984 266 1223 302; x_wconf 85' lang='lat' dir='ltr'>vocabantur</span> <span class='ocrx_word' id='word_1_13' title='bbox 1269 264 1481 312; x_wconf 78' lang='lat' dir='ltr'>principum</span> 
     </span>
     <span class='ocr_line' id='line_1_3' title="bbox 79 334 1483 383; baseline -0.001 -12"><span class='ocrx_word' id='word_1_14' title='bbox 79 335 187 371; x_wconf 88' lang='lat' dir='ltr'>liberi</span> <span class='ocrx_word' id='word_1_15' title='bbox 234 336 283 371; x_wconf 89' lang='lat' dir='ltr'>ad</span> <span class='ocrx_word' id='word_1_16' title='bbox 331 336 576 372; x_wconf 81' lang='lat' dir='ltr'>ministerium</span> <span class='ocrx_word' id='word_1_17' title='bbox 636 335 742 371; x_wconf 90' lang='lat' dir='ltr'>electi</span> <span class='ocrx_word' id='word_1_18' title='bbox 784 335 896 383; x_wconf 83' lang='lat' dir='ltr'>regis.</span> <span class='ocrx_word' id='word_1_19' title='bbox 981 334 1041 370; x_wconf 85' lang='lat' dir='ltr'>Ea</span> <span class='ocrx_word' id='word_1_20' title='bbox 1082 335 1239 377; x_wconf 87' lang='lat' dir='ltr'>cohors,</span> <span class='ocrx_word' id='word_1_21' title='bbox 1285 341 1483 382; x_wconf 81' lang='lat' dir='ltr'>persecuta</span> 
     </span>
     <span class='ocr_line' id='line_1_4' title="bbox 79 402 1482 454; baseline -0.001 -13"><span class='ocrx_word' id='word_1_22' title='bbox 79 417 205 453; x_wconf 83' lang='lat' dir='ltr'>regem</span> <span class='ocrx_word' id='word_1_23' title='bbox 238 405 456 454; x_wconf 71' lang='lat' dir='ltr'><strong>fugientem,</strong></span> <span class='ocrx_word' id='word_1_24' title='bbox 486 419 533 441; x_wconf 91' lang='lat' dir='ltr'>ne</span> <span class='ocrx_word' id='word_1_25' title='bbox 563 414 640 442; x_wconf 89' lang='lat' dir='ltr'>tum</span> <span class='ocrx_word' id='word_1_26' title='bbox 673 405 823 452; x_wconf 89' lang='lat' dir='ltr'>quidem</span> <span class='ocrx_word' id='word_1_27' title='bbox 857 404 1098 445; x_wconf 75' lang='lat' dir='ltr'>abscedebat,</span> <span class='ocrx_word' id='word_1_28' title='bbox 1128 404 1247 440; x_wconf 88' lang='lat' dir='ltr'>donec</span> <span class='ocrx_word' id='word_1_29' title='bbox 1278 404 1380 440; x_wconf 86' lang='lat' dir='ltr'>iussu</span> <span class='ocrx_word' id='word_1_30' title='bbox 1412 402 1482 440; x_wconf 87' lang='lat' dir='ltr'>Cn.</span> 
     </span>
     <span class='ocr_line' id='line_1_5' title="bbox 79 474 1481 524; baseline -0.001 -13"><span class='ocrx_word' id='word_1_31' title='bbox 79 474 216 512; x_wconf 88' lang='lat' dir='ltr'>Octavi</span> <span class='ocrx_word' id='word_1_32' title='bbox 254 477 541 523; x_wconf 84' lang='lat' dir='ltr'>pronuntiatum</span> <span class='ocrx_word' id='word_1_33' title='bbox 573 483 626 512; x_wconf 88' lang='lat' dir='ltr'>est</span> <span class='ocrx_word' id='word_1_34' title='bbox 659 488 726 524; x_wconf 90' lang='lat' dir='ltr'>per</span> <span class='ocrx_word' id='word_1_35' title='bbox 757 487 992 523; x_wconf 87' lang='lat' dir='ltr'>praeconcm,</span> <span class='ocrx_word' id='word_1_36' title='bbox 1026 474 1151 522; x_wconf 68' lang='lat' dir='ltr'>regios</span> <span class='ocrx_word' id='word_1_37' title='bbox 1182 486 1320 521; x_wconf 86' lang='lat' dir='ltr'>pueros</span> <span class='ocrx_word' id='word_1_38' title='bbox 1352 474 1481 510; x_wconf 87' lang='lat' dir='ltr'>Mace-</span> 
     </span>
     <span class='ocr_line' id='line_1_6' title="bbox 80 543 1483 593; baseline 0 -14"><span class='ocrx_word' id='word_1_39' title='bbox 80 544 276 592; x_wconf 81' lang='lat' dir='ltr'>donasque</span> <span class='ocrx_word' id='word_1_40' title='bbox 308 545 425 590; x_wconf 88' lang='lat' dir='ltr'>alios,</span> <span class='ocrx_word' id='word_1_41' title='bbox 458 545 521 593; x_wconf 90' lang='lat' dir='ltr'>qui</span> <span class='ocrx_word' id='word_1_42' title='bbox 553 545 815 582; x_wconf 74' lang='lat' dir='ltr'>Samothracae</span> <span class='ocrx_word' id='word_1_43' title='bbox 847 551 995 588; x_wconf 86' lang='lat' dir='ltr'>essent,</span> <span class='ocrx_word' id='word_1_44' title='bbox 1029 544 1060 579; x_wconf 87' lang='lat' dir='ltr'>si</span> <span class='ocrx_word' id='word_1_45' title='bbox 1092 543 1295 580; x_wconf 69' lang='lat' dir='ltr'><strong>transirent</strong></span> <span class='ocrx_word' id='word_1_46' title='bbox 1327 544 1374 579; x_wconf 83' lang='lat' dir='ltr'>ad</span> <span class='ocrx_word' id='word_1_47' title='bbox 1405 544 1483 580; x_wconf 90' lang='lat' dir='ltr'>Ro-</span> 
     </span>
     <span class='ocr_line' id='line_1_7' title="bbox 78 613 1483 663; baseline -0.001 -13"><span class='ocrx_word' id='word_1_48' title='bbox 78 626 231 659; x_wconf 79' lang='lat' dir='ltr'>manos,</span> <span class='ocrx_word' id='word_1_49' title='bbox 262 615 559 651; x_wconf 81' lang='lat' dir='ltr'>incolumitatem</span> <span class='ocrx_word' id='word_1_50' title='bbox 591 616 882 663; x_wconf 83' lang='lat' dir='ltr'>libertatemque</span> <span class='ocrx_word' id='word_1_51' title='bbox 923 623 958 650; x_wconf 90' lang='lat' dir='ltr'>et</span> <span class='ocrx_word' id='word_1_52' title='bbox 988 627 1059 650; x_wconf 87' lang='lat' dir='ltr'>sua</span> <span class='ocrx_word' id='word_1_53' title='bbox 1092 613 1220 649; x_wconf 85' lang='lat' dir='ltr'>omnia</span> <span class='ocrx_word' id='word_1_54' title='bbox 1251 620 1483 657; x_wconf 86' lang='lat' dir='ltr'>servaturos,</span> 
     </span>
     <span class='ocr_line' id='line_1_8' title="bbox 78 682 1482 732; baseline -0.001 -13"><span class='ocrx_word' id='word_1_55' title='bbox 78 696 158 732; x_wconf 80' lang='lat' dir='ltr'>quae</span> <span class='ocrx_word' id='word_1_56' title='bbox 188 692 254 721; x_wconf 83' lang='lat' dir='ltr'>aut</span> <span class='ocrx_word' id='word_1_57' title='bbox 285 698 412 722; x_wconf 87' lang='lat' dir='ltr'>secum</span> <span class='ocrx_word' id='word_1_58' title='bbox 445 686 630 721; x_wconf 82' lang='lat' dir='ltr'>haberent</span> <span class='ocrx_word' id='word_1_59' title='bbox 670 693 735 721; x_wconf 84' lang='lat' dir='ltr'>aut</span> <span class='ocrx_word' id='word_1_60' title='bbox 765 686 801 721; x_wconf 90' lang='lat' dir='ltr'>in</span> <span class='ocrx_word' id='word_1_61' title='bbox 833 684 1062 721; x_wconf 81' lang='lat' dir='ltr'>Macedonia</span> <span class='ocrx_word' id='word_1_62' title='bbox 1102 683 1354 730; x_wconf 83' lang='lat' dir='ltr'>reliquissent.</span> <span class='ocrx_word' id='word_1_63' title='bbox 1418 682 1482 719; x_wconf 83' lang='lat' dir='ltr'>Ad</span> 
     </span>
     <span class='ocr_line' id='line_1_9' title="bbox 75 752 1483 800; baseline -0.002 -10"><span class='ocrx_word' id='word_1_64' title='bbox 75 755 174 791; x_wconf 89' lang='lat' dir='ltr'>hanc</span> <span class='ocrx_word' id='word_1_65' title='bbox 204 768 335 792; x_wconf 84' lang='lat' dir='ltr'>vocem</span> <span class='ocrx_word' id='word_1_66' title='bbox 376 756 550 792; x_wconf 86' lang='lat' dir='ltr'>transitio</span> <span class='ocrx_word' id='word_1_67' title='bbox 593 756 760 792; x_wconf 87' lang='lat' dir='ltr'>omnium</span> <span class='ocrx_word' id='word_1_68' title='bbox 799 756 902 792; x_wconf 78' lang='lat' dir='ltr'>sacta</span> <span class='ocrx_word' id='word_1_69' title='bbox 942 762 1016 797; x_wconf 80' lang='lat' dir='ltr'>est,</span> <span class='ocrx_word' id='word_1_70' title='bbox 1065 753 1295 800; x_wconf 83' lang='lat' dir='ltr'>nominaque</span> <span class='ocrx_word' id='word_1_71' title='bbox 1339 752 1483 788; x_wconf 84' lang='lat' dir='ltr'>dabant</span> 
     </span>
     <span class='ocr_line' id='line_1_10' title="bbox 76 823 1482 870; baseline -0.001 -10"><span class='ocrx_word' id='word_1_72' title='bbox 76 824 124 860; x_wconf 86' lang='lat' dir='ltr'>ad</span> <span class='ocrx_word' id='word_1_73' title='bbox 155 823 198 861; x_wconf 91' lang='lat' dir='ltr'>C.</span> <span class='ocrx_word' id='word_1_74' title='bbox 227 826 467 862; x_wconf 90' lang='lat' dir='ltr'>Postumium</span> <span class='ocrx_word' id='word_1_75' title='bbox 500 827 689 862; x_wconf 89' lang='lat' dir='ltr'>tribunum</span> <span class='ocrx_word' id='word_1_76' title='bbox 723 826 895 864; x_wconf 89' lang='lat' dir='ltr'>militum.</span> <span class='ocrx_word' id='word_1_77' title='bbox 958 825 1118 861; x_wconf 83' lang='lat' dir='ltr'>Liberos</span> <span class='ocrx_word' id='word_1_78' title='bbox 1158 836 1310 870; x_wconf 87' lang='lat' dir='ltr'>quoque</span> <span class='ocrx_word' id='word_1_79' title='bbox 1340 833 1482 870; x_wconf 84' lang='lat' dir='ltr'>parvos</span> 
     </span>
     <span class='ocr_line' id='line_1_11' title="bbox 75 893 1482 943; baseline -0.002 -13"><span class='ocrx_word' id='word_1_80' title='bbox 75 895 201 943; x_wconf 84' lang='lat' dir='ltr'>regios</span> <span class='ocrx_word' id='word_1_81' title='bbox 242 896 311 931; x_wconf 91' lang='lat' dir='ltr'>Ion</span> <span class='ocrx_word' id='word_1_82' title='bbox 345 896 699 933; x_wconf 81' lang='lat' dir='ltr'>Thessalonicensis</span> <span class='ocrx_word' id='word_1_83' title='bbox 730 896 896 933; x_wconf 85' lang='lat' dir='ltr'>Octavio</span> <span class='ocrx_word' id='word_1_84' title='bbox 936 894 1111 937; x_wconf 79' lang='lat' dir='ltr'>tradidit3</span> <span class='ocrx_word' id='word_1_85' title='bbox 1161 905 1229 929; x_wconf 88' lang='lat' dir='ltr'>nec</span> <span class='ocrx_word' id='word_1_86' title='bbox 1279 893 1482 940; x_wconf 84' lang='lat' dir='ltr'>quisquam</span> 
     </span>
     <span class='ocr_line' id='line_1_12' title="bbox 76 963 1481 1015; baseline -0.001 -14"><span class='ocrx_word' id='word_1_87' title='bbox 76 973 214 1013; x_wconf 81' lang='lat' dir='ltr'>praeter</span> <span class='ocrx_word' id='word_1_88' title='bbox 239 966 474 1015; x_wconf 71' lang='lat' dir='ltr'>Philippum,</span> <span class='ocrx_word' id='word_1_89' title='bbox 505 967 712 1003; x_wconf 82' lang='lat' dir='ltr'>maximum</span> <span class='ocrx_word' id='word_1_90' title='bbox 741 973 832 1001; x_wconf 84' lang='lat' dir='ltr'>natu</span> <span class='ocrx_word' id='word_1_91' title='bbox 866 978 912 1001; x_wconf 87' lang='lat' dir='ltr'>ex</span> <span class='ocrx_word' id='word_1_92' title='bbox 942 964 1050 1007; x_wconf 87' lang='lat' dir='ltr'>filiis,</span> <span class='ocrx_word' id='word_1_93' title='bbox 1081 976 1164 999; x_wconf 86' lang='lat' dir='ltr'>cum</span> <span class='ocrx_word' id='word_1_94' title='bbox 1197 975 1286 1011; x_wconf 87' lang='lat' dir='ltr'>rege</span> <span class='ocrx_word' id='word_1_95' title='bbox 1315 963 1481 1000; x_wconf 81' lang='lat' dir='ltr'>relictus.</span> 
     </span>
     <span class='ocr_line' id='line_1_13' title="bbox 74 1033 1482 1085; baseline -0.002 -14"><span class='ocrx_word' id='word_1_96' title='bbox 74 1035 174 1071; x_wconf 87' lang='lat' dir='ltr'>Tum</span> <span class='ocrx_word' id='word_1_97' title='bbox 205 1047 287 1071; x_wconf 90' lang='lat' dir='ltr'>sese</span> <span class='ocrx_word' id='word_1_98' title='bbox 318 1036 513 1085; x_wconf 87' lang='lat' dir='ltr'>filiumque</span> <span class='ocrx_word' id='word_1_99' title='bbox 545 1037 709 1075; x_wconf 88' lang='lat' dir='ltr'>Octavio</span> <span class='ocrx_word' id='word_1_100' title='bbox 740 1035 909 1080; x_wconf 80' lang='lat' dir='ltr'>tradidit,</span> <span class='ocrx_word' id='word_1_101' title='bbox 940 1034 1132 1071; x_wconf 84' lang='lat' dir='ltr'>fortunam</span> <span class='ocrx_word' id='word_1_102' title='bbox 1166 1033 1356 1081; x_wconf 86' lang='lat' dir='ltr'>deosque,</span> <span class='ocrx_word' id='word_1_103' title='bbox 1388 1045 1482 1080; x_wconf 90' lang='lat' dir='ltr'>quo-</span> 
     </span>
     <span class='ocr_line' id='line_1_14' title="bbox 74 1103 1481 1155; baseline -0.002 -15"><span class='ocrx_word' id='word_1_104' title='bbox 74 1117 157 1141; x_wconf 86' lang='lat' dir='ltr'>rum</span> <span class='ocrx_word' id='word_1_105' title='bbox 190 1107 224 1141; x_wconf 75' lang='lat' dir='ltr'>in</span> <span class='ocrx_word' id='word_1_106' title='bbox 255 1106 398 1155; x_wconf 89' lang='lat' dir='ltr'>templo</span> <span class='ocrx_word' id='word_1_107' title='bbox 430 1114 531 1152; x_wconf 88' lang='lat' dir='ltr'>erat,</span> <span class='ocrx_word' id='word_1_108' title='bbox 565 1107 671 1143; x_wconf 85' lang='lat' dir='ltr'>nulla</span> <span class='ocrx_word' id='word_1_109' title='bbox 700 1119 773 1154; x_wconf 85' lang='lat' dir='ltr'>ope</span> <span class='ocrx_word' id='word_1_110' title='bbox 803 1105 1011 1154; x_wconf 82' lang='lat' dir='ltr'>supplicem</span> <span class='ocrx_word' id='word_1_111' title='bbox 1044 1103 1240 1148; x_wconf 77' lang='lat' dir='ltr'>iuvantes,</span> <span class='ocrx_word' id='word_1_112' title='bbox 1285 1114 1481 1140; x_wconf 83' lang='lat' dir='ltr'>accusans.</span> 
     </span>
     <span class='ocr_line' id='line_1_15' title="bbox 74 1174 1482 1225; baseline -0.001 -15"><span class='ocrx_word' id='word_1_113' title='bbox 74 1175 121 1211; x_wconf 92' lang='lat' dir='ltr'>In</span> <span class='ocrx_word' id='word_1_114' title='bbox 148 1176 366 1223; x_wconf 85' lang='lat' dir='ltr'>praetoriam</span> <span class='ocrx_word' id='word_1_115' title='bbox 399 1190 535 1214; x_wconf 86' lang='lat' dir='ltr'>navem</span> <span class='ocrx_word' id='word_1_116' title='bbox 567 1177 697 1225; x_wconf 91' lang='lat' dir='ltr'>inponi</span> <span class='ocrx_word' id='word_1_117' title='bbox 727 1176 874 1220; x_wconf 89' lang='lat' dir='ltr'>iussus;</span> <span class='ocrx_word' id='word_1_118' title='bbox 920 1176 1052 1212; x_wconf 91' lang='lat' dir='ltr'>eodem</span> <span class='ocrx_word' id='word_1_119' title='bbox 1095 1181 1132 1211; x_wconf 85' lang='lat' dir='ltr'>et</span> <span class='ocrx_word' id='word_1_120' title='bbox 1171 1174 1355 1222; x_wconf 86' lang='lat' dir='ltr'>pecunia,</span> <span class='ocrx_word' id='word_1_121' title='bbox 1399 1185 1482 1221; x_wconf 86' lang='lat' dir='ltr'>quae</span> 
     </span>
     <span class='ocr_line' id='line_1_16' title="bbox 73 1243 1482 1296; baseline -0.002 -15"><span class='ocrx_word' id='word_1_122' title='bbox 73 1245 272 1294; x_wconf 70' lang='lat' dir='ltr'>superfuit,</span> <span class='ocrx_word' id='word_1_123' title='bbox 303 1247 431 1284; x_wconf 80' lang='lat' dir='ltr'>delata</span> <span class='ocrx_word' id='word_1_124' title='bbox 464 1255 542 1293; x_wconf 86' lang='lat' dir='ltr'>est,</span> <span class='ocrx_word' id='word_1_125' title='bbox 575 1247 844 1296; x_wconf 81' lang='lat' dir='ltr'>extemploque</span> <span class='ocrx_word' id='word_1_126' title='bbox 874 1246 1006 1282; x_wconf 86' lang='lat' dir='ltr'>classis</span> <span class='ocrx_word' id='word_1_127' title='bbox 1037 1244 1300 1293; x_wconf 89' lang='lat' dir='ltr'>Amphipolim</span> <span class='ocrx_word' id='word_1_128' title='bbox 1333 1243 1482 1292; x_wconf 88' lang='lat' dir='ltr'>repetit.</span> 
     </span>
     <span class='ocr_line' id='line_1_17' title="bbox 73 1313 1481 1366; baseline -0.001 -15"><span class='ocrx_word' id='word_1_129' title='bbox 73 1315 168 1352; x_wconf 87' lang='lat' dir='ltr'>Inde</span> <span class='ocrx_word' id='word_1_130' title='bbox 198 1316 383 1353; x_wconf 84' lang='lat' dir='ltr'>Octavius</span> <span class='ocrx_word' id='word_1_131' title='bbox 413 1330 542 1366; x_wconf 84' lang='lat' dir='ltr'>regem</span> <span class='ocrx_word' id='word_1_132' title='bbox 573 1318 611 1353; x_wconf 91' lang='lat' dir='ltr'>in</span> <span class='ocrx_word' id='word_1_133' title='bbox 643 1326 770 1354; x_wconf 87' lang='lat' dir='ltr'>castra</span> <span class='ocrx_word' id='word_1_134' title='bbox 802 1317 850 1353; x_wconf 86' lang='lat' dir='ltr'>ad</span> <span class='ocrx_word' id='word_1_135' title='bbox 882 1316 1073 1353; x_wconf 85' lang='lat' dir='ltr'>consulem</span> <span class='ocrx_word' id='word_1_136' title='bbox 1107 1315 1231 1359; x_wconf 74' lang='lat' dir='ltr'>misit,</span> <span class='ocrx_word' id='word_1_137' title='bbox 1275 1313 1481 1362; x_wconf 73' lang='lat' dir='ltr'>praemissis</span> 
     </span>
     <span class='ocr_line' id='line_1_18' title="bbox 72 1384 1191 1436; baseline 0.001 -16"><span class='ocrx_word' id='word_1_138' title='bbox 72 1384 217 1429; x_wconf 84' lang='lat' dir='ltr'>litteris,</span> <span class='ocrx_word' id='word_1_139' title='bbox 252 1393 292 1422; x_wconf 86' lang='lat' dir='ltr'>ut</span> <span class='ocrx_word' id='word_1_140' title='bbox 320 1388 357 1422; x_wconf 89' lang='lat' dir='ltr'>in</span> <span class='ocrx_word' id='word_1_141' title='bbox 387 1394 576 1436; x_wconf 84' lang='lat' dir='ltr'>potestate</span> <span class='ocrx_word' id='word_1_142' title='bbox 607 1400 690 1423; x_wconf 88' lang='lat' dir='ltr'>eum</span> <span class='ocrx_word' id='word_1_143' title='bbox 723 1399 806 1424; x_wconf 83' lang='lat' dir='ltr'>esse</span> <span class='ocrx_word' id='word_1_144' title='bbox 834 1394 870 1423; x_wconf 86' lang='lat' dir='ltr'>et</span> <span class='ocrx_word' id='word_1_145' title='bbox 900 1386 1035 1423; x_wconf 82' lang='lat' dir='ltr'>adduci</span> <span class='ocrx_word' id='word_1_146' title='bbox 1066 1386 1191 1422; x_wconf 85' lang='lat' dir='ltr'>sciret.</span> 
     </span>
    </p>

    <p class='ocr_par' dir='ltr' id='par_1_3' title="bbox 72 1454 1482 1993">
     <span class='ocr_line' id='line_1_19' title="bbox 185 1454 1479 1502; baseline -0.002 -9"><span class='ocrx_word' id='word_1_147' title='bbox 185 1455 400 1494; x_wconf 85' lang='lat' dir='ltr'>Secundam</span> <span class='ocrx_word' id='word_1_148' title='bbox 433 1471 516 1494; x_wconf 87' lang='lat' dir='ltr'>eam</span> <span class='ocrx_word' id='word_1_149' title='bbox 550 1458 717 1502; x_wconf 86' lang='lat' dir='ltr'>Paulus,</span> <span class='ocrx_word' id='word_1_150' title='bbox 748 1458 843 1493; x_wconf 88' lang='lat' dir='ltr'>sicut</span> <span class='ocrx_word' id='word_1_151' title='bbox 875 1464 975 1499; x_wconf 84' lang='lat' dir='ltr'>erat,</span> <span class='ocrx_word' id='word_1_152' title='bbox 1004 1456 1204 1492; x_wconf 82' lang='lat' dir='ltr'>victoriam</span> <span class='ocrx_word' id='word_1_153' title='bbox 1233 1460 1351 1499; x_wconf 84' lang='lat' dir='ltr'>ratus,</span> <span class='ocrx_word' id='word_1_154' title='bbox 1397 1454 1479 1490; x_wconf 91' lang='lat' dir='ltr'>vic-</span> 
     </span>
     <span class='ocr_line' id='line_1_20' title="bbox 74 1525 1481 1573; baseline 0 -13"><span class='ocrx_word' id='word_1_155' title='bbox 74 1525 186 1561; x_wconf 87' lang='lat' dir='ltr'>timas</span> <span class='ocrx_word' id='word_1_156' title='bbox 218 1526 353 1562; x_wconf 81' lang='lat' dir='ltr'>cecidit</span> <span class='ocrx_word' id='word_1_157' title='bbox 383 1540 427 1564; x_wconf 91' lang='lat' dir='ltr'>eo</span> <span class='ocrx_word' id='word_1_158' title='bbox 458 1528 603 1571; x_wconf 73' lang='lat' dir='ltr'>nuntio,</span> <span class='ocrx_word' id='word_1_159' title='bbox 634 1535 682 1572; x_wconf 89' lang='lat' dir='ltr'>et,</span> <span class='ocrx_word' id='word_1_160' title='bbox 712 1527 870 1563; x_wconf 87' lang='lat' dir='ltr'>consilio</span> <span class='ocrx_word' id='word_1_161' title='bbox 901 1527 1104 1571; x_wconf 76' lang='lat' dir='ltr'>advocato,</span> <span class='ocrx_word' id='word_1_162' title='bbox 1136 1527 1276 1562; x_wconf 73' lang='lat' dir='ltr'>litteras</span> <span class='ocrx_word' id='word_1_163' title='bbox 1306 1525 1481 1573; x_wconf 82' lang='lat' dir='ltr'>praetoris</span> 
     </span>
     <span class='ocr_line' id='line_1_21' title="bbox 74 1596 1481 1645; baseline 0 -14"><span class='ocrx_word' id='word_1_164' title='bbox 74 1607 159 1632; x_wconf 88' lang='lat' dir='ltr'>cum</span> <span class='ocrx_word' id='word_1_165' title='bbox 192 1596 402 1641; x_wconf 72' lang='lat' dir='ltr'>recitasset,</span> <span class='ocrx_word' id='word_1_166' title='bbox 434 1598 658 1645; x_wconf 78' lang='lat' dir='ltr'>Q.AEli11m</span> <span class='ocrx_word' id='word_1_167' title='bbox 690 1598 934 1634; x_wconf 85' lang='lat' dir='ltr'>Tuberonem</span> <span class='ocrx_word' id='word_1_168' title='bbox 967 1596 1119 1632; x_wconf 88' lang='lat' dir='ltr'>obviam</span> <span class='ocrx_word' id='word_1_169' title='bbox 1151 1596 1230 1645; x_wconf 88' lang='lat' dir='ltr'>regi</span> <span class='ocrx_word' id='word_1_170' title='bbox 1263 1596 1386 1641; x_wconf 88' lang='lat' dir='ltr'>misit,</span> <span class='ocrx_word' id='word_1_171' title='bbox 1421 1608 1481 1632; x_wconf 91' lang='lat' dir='ltr'>ce-</span> 
     </span>
     <span class='ocr_line' id='line_1_22' title="bbox 75 1666 1480 1715; baseline 0.001 -14"><span class='ocrx_word' id='word_1_172' title='bbox 75 1672 175 1702; x_wconf 87' lang='lat' dir='ltr'>teros</span> <span class='ocrx_word' id='word_1_173' title='bbox 207 1679 360 1703; x_wconf 86' lang='lat' dir='ltr'>manere</span> <span class='ocrx_word' id='word_1_174' title='bbox 392 1667 428 1702; x_wconf 92' lang='lat' dir='ltr'>in</span> <span class='ocrx_word' id='word_1_175' title='bbox 459 1668 638 1715; x_wconf 85' lang='lat' dir='ltr'>praetorio</span> <span class='ocrx_word' id='word_1_176' title='bbox 669 1667 887 1715; x_wconf 86' lang='lat' dir='ltr'>frequentes</span> <span class='ocrx_word' id='word_1_177' title='bbox 917 1667 1036 1702; x_wconf 82' lang='lat' dir='ltr'>iussit.</span> <span class='ocrx_word' id='word_1_178' title='bbox 1096 1666 1187 1703; x_wconf 92' lang='lat' dir='ltr'>Non</span> <span class='ocrx_word' id='word_1_179' title='bbox 1219 1668 1313 1704; x_wconf 81' lang='lat' dir='ltr'>alias</span> <span class='ocrx_word' id='word_1_180' title='bbox 1345 1667 1394 1702; x_wconf 84' lang='lat' dir='ltr'>ad</span> <span class='ocrx_word' id='word_1_181' title='bbox 1425 1666 1480 1702; x_wconf 95' lang='lat' dir='ltr'>ul-</span> 
     </span>
     <span class='ocr_line' id='line_1_23' title="bbox 72 1735 1482 1785; baseline 0.001 -14"><span class='ocrx_word' id='word_1_182' title='bbox 72 1735 148 1772; x_wconf 91' lang='lat' dir='ltr'>lum</span> <span class='ocrx_word' id='word_1_183' title='bbox 190 1737 447 1785; x_wconf 85' lang='lat' dir='ltr'>spectaculum</span> <span class='ocrx_word' id='word_1_184' title='bbox 487 1744 634 1774; x_wconf 84' lang='lat' dir='ltr'>tantum</span> <span class='ocrx_word' id='word_1_185' title='bbox 674 1738 873 1774; x_wconf 88' lang='lat' dir='ltr'>multitudo</span> <span class='ocrx_word' id='word_1_186' title='bbox 916 1737 1091 1773; x_wconf 83' lang='lat' dir='ltr'>occurrit.</span> <span class='ocrx_word' id='word_1_187' title='bbox 1170 1738 1329 1774; x_wconf 85' lang='lat' dir='ltr'>Patrum</span> <span class='ocrx_word' id='word_1_188' title='bbox 1371 1743 1482 1773; x_wconf 79' lang='lat' dir='ltr'>aetate</span> 
     </span>
     <span class='ocr_line' id='line_1_24' title="bbox 74 1805 1481 1856; baseline 0 -14"><span class='ocrx_word' id='word_1_189' title='bbox 74 1805 235 1855; x_wconf 85' lang='lat' dir='ltr'>Syphax</span> <span class='ocrx_word' id='word_1_190' title='bbox 267 1819 337 1843; x_wconf 84' lang='lat' dir='ltr'>rex</span> <span class='ocrx_word' id='word_1_191' title='bbox 366 1815 502 1856; x_wconf 84' lang='lat' dir='ltr'>captus</span> <span class='ocrx_word' id='word_1_192' title='bbox 532 1807 569 1844; x_wconf 89' lang='lat' dir='ltr'>in</span> <span class='ocrx_word' id='word_1_193' title='bbox 600 1815 728 1844; x_wconf 85' lang='lat' dir='ltr'>castra</span> <span class='ocrx_word' id='word_1_194' title='bbox 758 1809 936 1844; x_wconf 84' lang='lat' dir='ltr'>Romana</span> <span class='ocrx_word' id='word_1_195' title='bbox 966 1808 1152 1844; x_wconf 81' lang='lat' dir='ltr'>adductus</span> <span class='ocrx_word' id='word_1_196' title='bbox 1183 1815 1286 1852; x_wconf 86' lang='lat' dir='ltr'>erat;</span> <span class='ocrx_word' id='word_1_197' title='bbox 1328 1814 1481 1855; x_wconf 86' lang='lat' dir='ltr'>praeter—</span> 
     </span>
     <span class='ocr_line' id='line_1_25' title="bbox 74 1869 1480 1927; baseline 0.001 -16"><span class='ocrx_word' id='word_1_198' title='bbox 74 1887 188 1923; x_wconf 89' lang='lat' dir='ltr'>quam</span> <span class='ocrx_word' id='word_1_199' title='bbox 221 1876 323 1924; x_wconf 89' lang='lat' dir='ltr'>quod</span> <span class='ocrx_word' id='word_1_200' title='bbox 354 1890 423 1913; x_wconf 88' lang='lat' dir='ltr'>nec</span> <span class='ocrx_word' id='word_1_201' title='bbox 456 1890 526 1914; x_wconf 87' lang='lat' dir='ltr'>sua</span> <span class='ocrx_word' id='word_1_202' title='bbox 560 1890 629 1915; x_wconf 90' lang='lat' dir='ltr'>nec</span> <span class='ocrx_word' id='word_1_203' title='bbox 661 1878 783 1927; x_wconf 89' lang='lat' dir='ltr'>gentis</span> <span class='ocrx_word' id='word_1_204' title='bbox 822 1869 929 1914; x_wconf 58' lang='lat' dir='ltr'>fama*</span> <span class='ocrx_word' id='word_1_205' title='bbox 958 1878 1247 1926; x_wconf 76' lang='lat' dir='ltr'>conparandas,</span> <span class='ocrx_word' id='word_1_206' title='bbox 1292 1884 1380 1914; x_wconf 83' lang='lat' dir='ltr'>tunc</span> <span class='ocrx_word' id='word_1_207' title='bbox 1417 1889 1480 1913; x_wconf 85' lang='lat' dir='ltr'>ac-</span> 
     </span>
     <span class='ocr_line' id='line_1_26' title="bbox 73 1946 1480 1993; baseline 0.001 -11"><span class='ocrx_word' id='word_1_208' title='bbox 73 1946 195 1983; x_wconf 84' lang='lat' dir='ltr'>cessio</span> <span class='ocrx_word' id='word_1_209' title='bbox 227 1947 363 1983; x_wconf 90' lang='lat' dir='ltr'>Punici</span> <span class='ocrx_word' id='word_1_210' title='bbox 393 1947 480 1984; x_wconf 93' lang='lat' dir='ltr'>belli</span> <span class='ocrx_word' id='word_1_211' title='bbox 510 1947 648 1993; x_wconf 82' lang='lat' dir='ltr'>fuerat,</span> <span class='ocrx_word' id='word_1_212' title='bbox 679 1948 775 1984; x_wconf 89' lang='lat' dir='ltr'>sicut</span> <span class='ocrx_word' id='word_1_213' title='bbox 805 1947 968 1985; x_wconf 90' lang='lat' dir='ltr'>Gentius</span> <span class='ocrx_word' id='word_1_214' title='bbox 998 1948 1253 1986; x_wconf 83' lang='lat' dir='ltr'>Macedonici.</span> <span class='ocrx_word' id='word_1_215' title='bbox 1315 1949 1480 1985; x_wconf 86' lang='lat' dir='ltr'>Perseus</span> 
     </span>
    </p>
   </div>
   <div class='ocr_carea' id='block_1_3' title="bbox 71 2113 1479 2388">
    <p class='ocr_par' dir='ltr' id='par_1_4' title="bbox 71 2113 1479 2388">
     <span class='ocr_line' id='line_1_27' title="bbox 73 2113 1478 2156; baseline -0.001 -10"><span class='ocrx_word' id='word_1_216' title='bbox 73 2113 104 2152; x_wconf 81' lang='grc'>7,</span> <span class='ocrx_word' id='word_1_217' title='bbox 123 2118 135 2145; x_wconf 93' lang='lat' dir='ltr'>l</span> <span class='ocrx_word' id='word_1_218' title='bbox 154 2115 350 2156; x_wconf 88' lang='lat' dir='ltr'>principium</span> <span class='ocrx_word' id='word_1_219' title='bbox 389 2119 405 2145; x_wconf 81' lang='lat'>2</span> <span class='ocrx_word' id='word_1_220' title='bbox 431 2125 450 2145; x_wconf 85' lang='lat' dir='ltr'>a</span> <span class='ocrx_word' id='word_1_221' title='bbox 465 2115 586 2145; x_wconf 86' lang='lat' dir='ltr'>cohors</span> <span class='ocrx_word' id='word_1_222' title='bbox 622 2119 640 2145; x_wconf 91' lang='lat'><strong>3</strong></span> <span class='ocrx_word' id='word_1_223' title='bbox 665 2115 871 2145; x_wconf 76' lang='lat' dir='ltr'>ascendebat</span> <span class='ocrx_word' id='word_1_224' title='bbox 914 2114 947 2151; x_wconf 84' lang='grc'>8,</span> <span class='ocrx_word' id='word_1_225' title='bbox 971 2118 989 2145; x_wconf 83' lang='lat'><strong>2</strong></span> <span class='ocrx_word' id='word_1_226' title='bbox 1006 2120 1210 2146; x_wconf 84' lang='lat' dir='ltr'>samotraces</span> <span class='ocrx_word' id='word_1_227' title='bbox 1252 2119 1271 2146; x_wconf 90' lang='lat'><strong>3</strong></span> <span class='ocrx_word' id='word_1_228' title='bbox 1287 2121 1478 2146; x_wconf 84' lang='lat' dir='ltr'>seruaturos</span> 
     </span>
     <span class='ocr_line' id='line_1_28' title="bbox 71 2171 1479 2213; baseline 0.002 -11"><span class='ocrx_word' id='word_1_229' title='bbox 71 2171 398 2204; x_wconf 85' lang='lat' dir='ltr'>haudaecumhabere</span> <span class='ocrx_word' id='word_1_230' title='bbox 425 2178 443 2204; x_wconf 81' lang='lat'><strong>4</strong></span> <span class='ocrx_word' id='word_1_231' title='bbox 460 2172 692 2204; x_wconf 81' lang='lat' dir='ltr'>macedoniam</span> <span class='ocrx_word' id='word_1_232' title='bbox 742 2172 772 2209; x_wconf 68' lang='lat'>9,</span> <span class='ocrx_word' id='word_1_233' title='bbox 793 2176 811 2203; x_wconf 90' lang='lat'><strong>3</strong></span> <span class='ocrx_word' id='word_1_234' title='bbox 829 2182 950 2213; x_wconf 79' lang='lat' dir='ltr'>paruos</span> <span class='ocrx_word' id='word_1_235' title='bbox 977 2174 1185 2212; x_wconf 82' lang='lat' dir='ltr'>regressione</span> <span class='ocrx_word' id='word_1_236' title='bbox 1210 2173 1479 2205; x_wconf 83' lang='lat' dir='ltr'>tessalonicensis</span> 
     </span>
     <span class='ocr_line' id='line_1_29' title="bbox 73 2229 1476 2273; baseline 0.003 -14"><span class='ocrx_word' id='word_1_237' title='bbox 73 2233 93 2260; x_wconf 86' lang='lat'>4</span> <span class='ocrx_word' id='word_1_238' title='bbox 119 2230 285 2261; x_wconf 85' lang='lat' dir='ltr'>tradidine</span> <span class='ocrx_word' id='word_1_239' title='bbox 312 2231 491 2272; x_wconf 86' lang='lat' dir='ltr'>quisquam</span> <span class='ocrx_word' id='word_1_240' title='bbox 555 2234 572 2261; x_wconf 83' lang='lat'>5</span> <span class='ocrx_word' id='word_1_241' title='bbox 600 2237 715 2261; x_wconf 85' lang='lat' dir='ltr'>natum</span> <span class='ocrx_word' id='word_1_242' title='bbox 750 2236 782 2261; x_wconf 85' lang='lat' dir='ltr'>et</span> <span class='ocrx_word' id='word_1_243' title='bbox 808 2229 940 2271; x_wconf 71' lang='lat' dir='ltr'>Kreyss.</span> <span class='ocrx_word' id='word_1_244' title='bbox 967 2229 1082 2272; x_wconf 75' lang='lat' dir='ltr'>(Gryn.</span> <span class='ocrx_word' id='word_1_245' title='bbox 1107 2237 1186 2261; x_wconf 85' lang='lat' dir='ltr'>natu</span> <span class='ocrx_word' id='word_1_246' title='bbox 1212 2232 1243 2272; x_wconf 84' lang='lat' dir='ltr'>e)</span> <span class='ocrx_word' id='word_1_247' title='bbox 1300 2231 1377 2263; x_wconf 80' lang='lat' dir='ltr'>Tum</span> <span class='ocrx_word' id='word_1_248' title='bbox 1392 2232 1476 2273; x_wconf 78' lang='lat' dir='ltr'>fort.</span> 
     </span>
     <span class='ocr_line' id='line_1_30' title="bbox 71 2287 1479 2330; baseline 0.002 -13"><span class='ocrx_word' id='word_1_249' title='bbox 71 2287 207 2319; x_wconf 87' lang='lat' dir='ltr'>relictus</span> <span class='ocrx_word' id='word_1_250' title='bbox 228 2294 288 2319; x_wconf 85' lang='lat' dir='ltr'>est.</span> <span class='ocrx_word' id='word_1_251' title='bbox 348 2289 400 2326; x_wconf 90' lang='lat'>10,</span> <span class='ocrx_word' id='word_1_252' title='bbox 432 2292 445 2320; x_wconf 91' lang='lat' dir='ltr'>l</span> <span class='ocrx_word' id='word_1_253' title='bbox 477 2295 569 2320; x_wconf 89' lang='lat' dir='ltr'>tuum</span> <span class='ocrx_word' id='word_1_254' title='bbox 599 2289 603 2330; x_wconf 74' lang='lat' dir='ltr'><strong>j</strong></span> <span class='ocrx_word' id='word_1_255' title='bbox 633 2298 774 2329; x_wconf 84' lang='lat' dir='ltr'>quorum</span> <span class='ocrx_word' id='word_1_256' title='bbox 800 2288 927 2329; x_wconf 83' lang='lat' dir='ltr'>templo</span> <span class='ocrx_word' id='word_1_257' title='bbox 954 2295 1049 2319; x_wconf 83' lang='lat' dir='ltr'>erant</span> <span class='ocrx_word' id='word_1_258' title='bbox 1081 2288 1134 2328; x_wconf 89' lang='lat' dir='ltr'>(in</span> <span class='ocrx_word' id='word_1_259' title='bbox 1158 2288 1225 2320; x_wconf 77' lang='lat' dir='ltr'>Ed.</span> <span class='ocrx_word' id='word_1_260' title='bbox 1264 2288 1368 2326; x_wconf 63' lang='lat' dir='ltr'>Vasa,</span> <span class='ocrx_word' id='word_1_261' title='bbox 1407 2294 1479 2320; x_wconf 77' lang='lat' dir='ltr'>erat</span> 
     </span>
     <span class='ocr_line' id='line_1_31' title="bbox 71 2343 1476 2388; baseline 0.001 -12"><span class='ocrx_word' id='word_1_262' title='bbox 71 2343 199 2386; x_wconf 82' lang='lat' dir='ltr'>Drak.)</span> <span class='ocrx_word' id='word_1_263' title='bbox 216 2346 308 2377; x_wconf 91' lang='lat' dir='ltr'>nullo</span> <span class='ocrx_word' id='word_1_264' title='bbox 337 2346 459 2387; x_wconf 85' lang='lat' dir='ltr'>templo</span> <span class='ocrx_word' id='word_1_265' title='bbox 485 2347 579 2377; x_wconf 89' lang='lat' dir='ltr'>nulla</span> <span class='ocrx_word' id='word_1_266' title='bbox 606 2350 623 2377; x_wconf 88' lang='lat'>2</span> <span class='ocrx_word' id='word_1_267' title='bbox 643 2347 790 2377; x_wconf 79' lang='lat' dir='ltr'>iuuantis</span> <span class='ocrx_word' id='word_1_268' title='bbox 840 2345 894 2382; x_wconf 80' lang='grc'>11,</span> <span class='ocrx_word' id='word_1_269' title='bbox 913 2350 931 2376; x_wconf 82' lang='lat'><strong>2</strong></span> <span class='ocrx_word' id='word_1_270' title='bbox 947 2346 1142 2388; x_wconf 88' lang='lat' dir='ltr'>ampipolim</span> <span class='ocrx_word' id='word_1_271' title='bbox 1168 2347 1329 2388; x_wconf 87' lang='lat' dir='ltr'>repetitur</span> <span class='ocrx_word' id='word_1_272' title='bbox 1376 2346 1430 2385; x_wconf 79' lang='grc'>12,</span> <span class='ocrx_word' id='word_1_273' title='bbox 1458 2350 1476 2378; x_wconf 84' lang='grc'><strong>2</strong></span> 
     </span>
    </p>
   </div>
   <div class='ocr_carea' id='block_1_4' title="bbox 72 2401 1478 2517">
    <p class='ocr_par' dir='ltr' id='par_1_5' title="bbox 72 2401 1478 2517">
     <span class='ocr_line' id='line_1_32' title="bbox 72 2401 1478 2457; baseline 0.002 -12"><span class='ocrx_word' id='word_1_274' title='bbox 72 2415 211 2445; x_wconf 84' lang='lat' dir='ltr'>sciretur</span> <span class='ocrx_word' id='word_1_275' title='bbox 248 2415 327 2452; x_wconf 88' lang='lat' dir='ltr'>VII,</span> <span class='ocrx_word' id='word_1_276' title='bbox 344 2415 374 2453; x_wconf 89' lang='lat'>1,</span> <span class='ocrx_word' id='word_1_277' title='bbox 402 2419 420 2446; x_wconf 85' lang='lat'><strong>2</strong></span> <span class='ocrx_word' id='word_1_278' title='bbox 448 2415 602 2454; x_wconf 69' lang='lat' dir='ltr'>caecidit!</span> <span class='ocrx_word' id='word_1_279' title='bbox 625 2422 657 2446; x_wconf 77' lang='lat' dir='ltr'>et</span> <span class='ocrx_word' id='word_1_280' title='bbox 681 2416 724 2446; x_wconf 85' lang='lat' dir='ltr'>ad</span> <span class='ocrx_word' id='word_1_281' title='bbox 751 2415 890 2446; x_wconf 89' lang='lat' dir='ltr'>consilio</span> <span class='ocrx_word' id='word_1_282' title='bbox 917 2417 1084 2447; x_wconf 77' lang='lat' dir='ltr'>aduocato</span> <span class='ocrx_word' id='word_1_283' title='bbox 1112 2401 1160 2457; x_wconf 61' lang='lat' dir='ltr'>pr.</span> <span class='ocrx_word' id='word_1_284' title='bbox 1177 2427 1253 2448; x_wconf 90' lang='lat' dir='ltr'>cum</span> <span class='ocrx_word' id='word_1_285' title='bbox 1294 2421 1314 2448; x_wconf 89' lang='lat'><strong>3</strong></span> <span class='ocrx_word' id='word_1_286' title='bbox 1340 2417 1478 2448; x_wconf 84' lang='lat' dir='ltr'>obuiam</span> 
     </span>
     <span class='ocr_line' id='line_1_33' title="bbox 73 2473 1478 2517; baseline 0.001 -14"><span class='ocrx_word' id='word_1_287' title='bbox 73 2473 200 2504; x_wconf 76' lang='lat' dir='ltr'>remisit</span> <span class='ocrx_word' id='word_1_288' title='bbox 252 2478 272 2504; x_wconf 85' lang='lat'>4</span> <span class='ocrx_word' id='word_1_289' title='bbox 298 2473 481 2513; x_wconf 74' lang='lat' dir='ltr'>frequentis</span> <span class='ocrx_word' id='word_1_290' title='bbox 507 2474 558 2504; x_wconf 85' lang='lat' dir='ltr'>ius</span> <span class='ocrx_word' id='word_1_291' title='bbox 583 2474 677 2504; x_wconf 76' lang='lat' dir='ltr'>iussit</span> <span class='ocrx_word' id='word_1_292' title='bbox 725 2473 757 2511; x_wconf 78' lang='grc'>2,</span> <span class='ocrx_word' id='word_1_293' title='bbox 785 2477 803 2504; x_wconf 83' lang='grc'>2</span> <span class='ocrx_word' id='word_1_294' title='bbox 831 2480 927 2504; x_wconf 83' lang='lat' dir='ltr'>tantu</span> <span class='ocrx_word' id='word_1_295' title='bbox 952 2475 1132 2505; x_wconf 87' lang='lat' dir='ltr'>multitudo</span> <span class='ocrx_word' id='word_1_296' title='bbox 1147 2474 1219 2516; x_wconf 76' lang='lat' dir='ltr'>My.</span> <span class='ocrx_word' id='word_1_297' title='bbox 1241 2474 1356 2517; x_wconf 69' lang='lat' dir='ltr'>(Gryn.</span> <span class='ocrx_word' id='word_1_298' title='bbox 1384 2480 1478 2505; x_wconf 82' lang='lat' dir='ltr'>tanta</span> 
     </span>
    </p>
   </div>
   <div class='ocr_carea' id='block_1_5' title="bbox 71 2530 1478 2586">
    <p class='ocr_par' dir='ltr' id='par_1_6' title="bbox 71 2530 1478 2586">
     <span class='ocr_line' id='line_1_34' title="bbox 71 2530 1478 2586; baseline 0.002 -13"><span class='ocrx_word' id='word_1_299' title='bbox 71 2542 187 2582; x_wconf 86' lang='lat' dir='ltr'>mult.)</span> <span class='ocrx_word' id='word_1_300' title='bbox 206 2543 210 2585; x_wconf 86' lang='grc' dir='ltr'>Ι</span> <span class='ocrx_word' id='word_1_301' title='bbox 227 2530 435 2584; x_wconf 72' lang='lat' dir='ltr'>‹·ccpu1·ritur</span> <span class='ocrx_word' id='word_1_302' title='bbox 461 2542 551 2574; x_wconf 83' lang='lat' dir='ltr'>Fort.</span> <span class='ocrx_word' id='word_1_303' title='bbox 572 2544 740 2574; x_wconf 85' lang='lat' dir='ltr'>concurrit</span> <span class='ocrx_word' id='word_1_304' title='bbox 787 2546 806 2574; x_wconf 95' lang='lat'><strong>3</strong></span> <span class='ocrx_word' id='word_1_305' title='bbox 822 2553 930 2584; x_wconf 83' lang='lat' dir='ltr'>sypax</span> <span class='ocrx_word' id='word_1_306' title='bbox 980 2548 1000 2573; x_wconf 80' lang='lat'><strong>4</strong></span> <span class='ocrx_word' id='word_1_307' title='bbox 1019 2545 1254 2585; x_wconf 81' lang='lat' dir='ltr'>conparandas</span> <span class='ocrx_word' id='word_1_308' title='bbox 1281 2550 1360 2575; x_wconf 83' lang='lat' dir='ltr'>tunc</span> <span class='ocrx_word' id='word_1_309' title='bbox 1388 2546 1478 2586; x_wconf 90' lang='lat' dir='ltr'>quod</span> 
     </span>
    </p>
   </div>
   <div class='ocr_carea' id='block_1_6' title="bbox 71 2611 1167 2654">
    <p class='ocr_par' dir='ltr' id='par_1_7' title="bbox 71 2611 1167 2654">
     <span class='ocr_line' id='line_1_35' title="bbox 71 2611 1167 2654; baseline 0.003 -12"><span class='ocrx_word' id='word_1_310' title='bbox 71 2620 134 2642; x_wconf 86' lang='lat' dir='ltr'>nec</span> <span class='ocrx_word' id='word_1_311' title='bbox 160 2621 221 2642; x_wconf 85' lang='lat' dir='ltr'>sua</span> <span class='ocrx_word' id='word_1_312' title='bbox 247 2612 396 2643; x_wconf 87' lang='lat' dir='ltr'>accessio</span> <span class='ocrx_word' id='word_1_313' title='bbox 423 2611 555 2654; x_wconf 75' lang='lat' dir='ltr'>Kreyss.</span> <span class='ocrx_word' id='word_1_314' title='bbox 590 2612 705 2653; x_wconf 67' lang='lat' dir='ltr'>(Gryn.</span> <span class='ocrx_word' id='word_1_315' title='bbox 734 2618 814 2643; x_wconf 86' lang='lat' dir='ltr'>tunc</span> <span class='ocrx_word' id='word_1_316' title='bbox 840 2622 972 2653; x_wconf 87' lang='lat' dir='ltr'>quoque</span> <span class='ocrx_word' id='word_1_317' title='bbox 1000 2614 1167 2654; x_wconf 83' lang='lat' dir='ltr'>accessio)</span> 
     </span>
    </p>
   </div>
   <div class='ocr_carea' id='block_1_7' title="bbox 1517 268 1534 300">
    <p class='ocr_par' dir='ltr' id='par_1_8' title="bbox 1517 268 1534 300">
     <span class='ocr_line' id='line_1_36' title="bbox 1517 268 1534 300; baseline 0 0"><span class='ocrx_word' id='word_1_318' title='bbox 1517 268 1534 300; x_wconf 90' lang='lat'>7</span> 
     </span>
    </p>
   </div>
   <div class='ocr_carea' id='block_1_8' title="bbox 1517 1033 1564 1069">
    <p class='ocr_par' dir='ltr' id='par_1_9' title="bbox 1517 1033 1564 1069">
     <span class='ocr_line' id='line_1_37' title="bbox 1517 1033 1564 1069; baseline -0.021 0"><span class='ocrx_word' id='word_1_319' title='bbox 1517 1033 1564 1069; x_wconf 89' lang='lat' dir='ltr'>to</span> 
     </span>
    </p>
   </div>
   <div class='ocr_carea' id='block_1_9' title="bbox 1515 1176 1559 1210">
    <p class='ocr_par' dir='ltr' id='par_1_10' title="bbox 1515 1176 1559 1210">
     <span class='ocr_line' id='line_1_38' title="bbox 1515 1176 1559 1210; baseline 0 0"><span class='ocrx_word' id='word_1_320' title='bbox 1515 1176 1559 1210; x_wconf 91' lang='lat'>11</span> 
     </span>
    </p>
   </div>
   <div class='ocr_carea' id='block_1_10' title="bbox 1517 1315 1563 1351">
    <p class='ocr_par' dir='ltr' id='par_1_11' title="bbox 1517 1315 1563 1351">
     <span class='ocr_line' id='line_1_39' title="bbox 1517 1315 1563 1351; baseline 0 0"><span class='ocrx_word' id='word_1_321' title='bbox 1517 1315 1563 1351; x_wconf 84' lang='lat'>12</span> 
     </span>
    </p>
   </div>
   <div class='ocr_carea' id='block_1_11' title="bbox 1511 1667 1533 1702">
    <p class='ocr_par' dir='ltr' id='par_1_12' title="bbox 1511 1667 1533 1702">
     <span class='ocr_line' id='line_1_40' title="bbox 1511 1667 1533 1702; baseline 0 0"><span class='ocrx_word' id='word_1_322' title='bbox 1511 1667 1533 1702; x_wconf 86' lang='lat'>2</span> 
     </span>
    </p>
   </div>
  </div>
 </body>
</html>
