1753 2934
189 365 232 399 13

188 570 230 604 121

189 851 231 884 15

187 1200 201 1234 1

156 1685 209 1730 20

211 1202 232 1235 6

212 1904 233 1938 10

321 103 396 137 232
660 100 761 130 Liber
790 100 898 130 XLV.
965 101 1024 139 (A.
1052 110 1083 131 u.
1111 110 1138 131 c.
1166 102 1261 140 587.)

264 234 333 258 sua
369 228 504 270 sponte
543 221 591 256 ad
628 234 711 258 eum
752 235 842 259 mox
871 223 1066 259 venturae?
1124 224 1342 260 Accessisse
1371 224 1483 260 etiam
1514 236 1652 260 novam

265 296 525 338 tempestatem
552 303 668 338 regno
699 292 880 328 tumultus
911 292 1070 336 Gallici,
1103 294 1161 329 cui
1191 294 1255 330 vix
1286 305 1469 330 consensu
1500 300 1537 329 et
1566 305 1653 330 cou-

265 360 393 397 cordia
423 373 552 408 regum
583 361 706 397 resisti
736 368 866 409 queat;
907 362 938 398 si
976 375 1068 398 vero
1108 364 1156 399 ad
1186 370 1379 400 externum
1420 363 1556 399 bellum
1587 363 1654 400 do-

263 430 418 466 mestica
447 430 581 466 seditio
612 430 809 476 adiciatur,
836 432 915 468 sisti
946 445 1019 468 non
1049 444 1181 480 posse;
1210 445 1278 469 nec
1299 433 1401 469 aliud
1423 445 1505 470 eum
1529 445 1656 480 quam,

263 511 309 535 ne
338 498 455 536 frater
483 500 521 536 in
550 512 667 548 regno
698 502 893 546 moriatur,
924 502 996 538 sibi
1026 502 1096 550 ipsi
1133 515 1238 551 spem
1268 504 1520 551 propinquam
1551 503 1656 551 regni

264 575 490 617 erepturum.
563 569 604 606 Si
643 576 802 619 utraque
843 571 1010 620 gloriosa
1040 585 1099 608 res
1130 578 1246 615 esset,
1281 580 1317 607 et
1345 584 1518 609 servasse
1548 572 1655 609 fratri

262 649 419 686 regnum
454 645 489 675 et
520 639 722 687 eripuisse,
762 642 902 678 servati
935 648 1062 677 tamen
1091 641 1217 690 regni,
1252 654 1335 689 quae
1367 642 1494 678 iuncta
1525 641 1656 690 pietati

262 707 331 752 sit,
374 709 561 756 potiorem
592 710 741 746 laudem
779 710 905 748 fuisse.
964 711 1040 749 Sed
1077 711 1268 747 enimvero
1311 723 1393 747 cum
1425 711 1656 748 detestabilis

263 777 382 814 altera
411 790 472 814 res
505 786 540 814 et
569 781 746 827 proxima
774 782 978 830 parricidio
1014 782 1079 826 sit,
1126 781 1215 829 quid
1258 781 1305 817 ad
1347 781 1656 818 deliberationem

263 847 366 883 dubii
395 848 620 896 superesse?
685 851 822 889 Utrum
864 853 960 889 enim
1003 859 1149 900 partem
1188 852 1292 900 regni
1331 852 1532 900 petiturum
1576 863 1658 887 csse

265 928 312 951 an
341 922 463 952 totum
495 920 739 966 erepturum?
796 921 837 957 Si
876 928 1042 970 partem..
1087 922 1199 957 ambo
1238 922 1426 965 infirmos,
1468 920 1658 957 distractis

263 986 428 1032 viribus,
470 997 507 1023 et
548 990 721 1027 omnibus
760 991 903 1027 iniuriis
945 989 1094 1040 [populi
1124 989 1307 1041 Romani]
1339 991 1526 1027 obnoxios
1555 989 1658 1034 fore;

263 1056 295 1092 si
326 1063 466 1101 totum,
505 1059 744 1106 privatumne
790 1073 880 1110 ergo
918 1062 1098 1097 maiorem
1138 1061 1294 1098 fratrem
1333 1074 1381 1098 an
1416 1061 1564 1098 exulem
1594 1059 1660 1096 illa

263 1133 385 1171 aetate,
415 1128 480 1165 illa
510 1131 679 1178 corporis
708 1131 936 1176 infirmitate,
966 1134 1082 1167 vivere
1108 1144 1156 1168 an
1177 1132 1229 1167 ad
1258 1131 1428 1168 ultimum
1455 1131 1553 1167 mori
1583 1129 1659 1166 ius-

263 1198 421 1234 surum?
468 1200 676 1248 Egregium
709 1202 819 1247 enim,
850 1210 889 1238 ut
918 1202 1057 1239 fabulis
1088 1201 1247 1238 traditus
1277 1202 1477 1250 impiorum
1499 1200 1659 1237 fratrum

263 1274 419 1304 eventus
448 1275 638 1314 taceatur,
685 1272 816 1309 Persei
846 1273 987 1309 exitum
1016 1273 1155 1317 videri,
1189 1272 1252 1320 qui
1282 1284 1329 1308 ex
1361 1271 1531 1308 fraterna
1559 1270 1661 1306 caede

262 1346 412 1387 raptum
453 1340 630 1376 diadema
670 1342 707 1377 in
747 1343 888 1391 templo
927 1342 1238 1387 Samothracum,
1282 1342 1383 1377 velut
1413 1341 1660 1389 praesentibus

265 1408 321 1445 dis
352 1410 589 1459 exigentibus
619 1424 763 1460 poenaS‚
793 1414 842 1449 ad
871 1414 985 1462 pedes
1015 1413 1170 1450 victoris
1199 1412 1318 1448 hostis
1349 1416 1561 1458 prostratus
1591 1422 1660 1459 po-

265 1480 391 1516 suerit.
442 1481 521 1517 Eos
550 1481 666 1529 ipsos,
697 1481 773 1529 qui,
802 1494 879 1518 non
906 1483 957 1519 illi
988 1484 1110 1529 amici,
1140 1483 1207 1519 sed
1237 1482 1396 1519 Eumeni
1426 1481 1564 1527 infesti,
1594 1481 1660 1518 sti-

266 1550 407 1586 mulent
436 1564 533 1594 eum,
567 1552 746 1600 pietatem
778 1554 1105 1602 constantiamque
1133 1553 1375 1595 laudaturos,
1409 1552 1439 1588 si
1468 1552 1579 1588 fidem
1611 1552 1661 1588 ad

266 1620 435 1657 ultimum
466 1622 573 1658 fratri
604 1623 850 1671 praestitisset.

374 1691 468 1727 Haec
505 1692 589 1740 plus
622 1692 775 1729 valuere
813 1693 851 1728 in
880 1694 1002 1730 Attali
1042 1693 1181 1730 animo.
1247 1694 1384 1740 ltaque
1427 1691 1660 1727 introductus

264 1759 302 1795 in
332 1768 517 1807 senatum,
547 1763 759 1811 gratulatus
789 1764 986 1800 victoriam
1019 1771 1096 1808 est,
1142 1770 1185 1799 et*
1209 1775 1279 1799 sua
1321 1762 1456 1798 merita
1485 1773 1529 1796 eo
1562 1760 1660 1796 bello

264 1830 482 1879 fratrisque,
512 1833 544 1868 si
575 1846 651 1881 qua
680 1840 799 1877 erant,
833 1842 869 1870 et
898 1834 1099 1871 Gallorum
1130 1833 1398 1876 defectionem,
1431 1843 1514 1879 quae
1543 1842 1663 1878 nuper

265 1901 407 1949 ingenti
438 1909 541 1939 motu
571 1903 673 1940 facta
703 1911 806 1945 erat,
837 1904 1023 1953 exposuit.
1077 1904 1212 1949 Petiit‚
1251 1910 1291 1939 ut⁴
1323 1903 1470 1950 legatos
1500 1901 1664 1937 mitteret

266 1971 315 2006 ad
344 1983 431 2017 eos,
477 1986 636 2021 quorum
676 1974 901 2011 auctoritate
931 1975 979 2010 ab
1010 1974 1123 2010 armis
1161 1978 1422 2009 avocarentur.
1489 1971 1560 2007 His
1592 1982 1662 2018 pro

265 2042 371 2090 regni
401 2043 562 2080 utilitate
588 2045 696 2081 editis
726 2045 927 2088 mandatis,
956 2046 1101 2081 AEnum
1131 2044 1203 2080 sibi
1233 2050 1269 2079 et
1288 2043 1513 2079 Maroneam
1543 2040 1662 2089 petiit,

268 2207 285 2233 2
313 2205 506 2234 aduenturae
532 2204 871 2246 Dal-„accessissent
921 2211 938 2235 4
966 2207 1072 2247 quead
1108 2205 1196 2242 13‚3
1223 2204 1292 2245 ipse
1331 2206 1557 2242 4eruptu1-um
1607 2199 1662 2240 14,

271 2265 283 2292 l
313 2268 479 2293 seruasset
533 2267 553 2293 4
579 2263 759 2303 parricidio
786 2264 812 2294 si
842 2264 920 2303 quid
969 2264 1022 2299 15,
1040 2267 1057 2294 2
1073 2269 1263 2303 erupturum
1287 2263 1291 2300 Ι
1314 2261 1460 2293 infirmus
1501 2265 1518 2293 3
1534 2261 1663 2292 iniuriis

266 2330 326 2361 pro
353 2321 517 2351 obnoxios
545 2320 616 2362 My.
649 2322 765 2363 (Gr-yn.
793 2320 921 2353 iniuriis
949 2320 1129 2360 obnoxios)
1180 2323 1197 2350 5
1225 2320 1414 2351 infirmitate
1443 2330 1485 2350 an
1507 2319 1663 2350 ultimum

268 2377 351 2419 λίψ,
379 2380 438 2419 cfr.
466 2378 536 2410 Em.
557 2379 624 2410 501
652 2380 713 2419 (ad
740 2380 894 2411 ultimum
925 2380 1043 2418 (ἰν-οη.)
1098 2378 1151 2411 16.
1176 2382 1185 2408 l
1216 2379 1397 2418 aegregfflm
1421 2380 1426 2417 l
1449 2378 1570 2409 tabulis
1597 2384 1663 2408 tra-

268 2437 371 2466 ditum
403 2437 614 2477 imperiorum
642 2437 775 2468 fratrem
843 2441 860 2466 2
899 2437 1105 2476 uideritisqui
1129 2435 1318 2477 {fraternas
1381 2440 1400 2467 3
1439 2441 1662 2466 samotracum

270 2498 288 2523 4
316 2494 461 2534 exigenti
484 2496 487 2531 1
510 2495 659 2525 uictoriis
709 2494 763 2533 17,
788 2499 797 2525 l
829 2496 882 2536 qui
910 2496 999 2526 nillis
1020 2495 1135 2525 amicis
1188 2498 1205 2525 2
1225 2495 1306 2525 fides
1355 2498 1373 2525 3
1401 2493 1511 2524 fratris
1584 2492 1663 2530 XX,

270 2563 300 2600 1,
336 2567 353 2593 ‘2
392 2569 508 2594 senatu
545 2565 747 2604 gratulatum
782 2565 787 2606 Ι
821 2570 871 2595 cst
903 2574 995 2595 suam
1022 2564 1129 2595 Drak.
1167 2565 1368 2604 (victoriam,
1403 2567 1436 2593 et
1461 2572 1521 2593 sua
1550 2560 1663 2603 Gryn.)

270 2624 288 2651 3
317 2627 387 2651 erat
436 2625 456 2651 4
482 2621 571 2652 facta
596 2627 689 2652 erant
736 2622 768 2660 2,
798 2626 810 2653 l
839 2623 921 2663 petit
969 2627 986 2653 2
1013 2623 1246 2653 auctoritatem
1292 2625 1311 2652 3
1337 2621 1442 2651 aeditis
1465 2618 1470 2661 Ι
1491 2620 1573 2661 petit
