1742 2902
153 674 209 721 46

323 145 373 181 88
682 141 784 172 Liber
808 139 918 170 XLII.
977 139 1038 179 (A.
1067 149 1098 169 u.
1127 148 1154 170 c.
1184 139 1278 176 58³.)

266 265 489 301 instructam
522 267 775 310 ornatamque
814 263 950 311 legatis
981 261 1166 298 Romanis
1197 261 1499 305 advenientibus,
1532 266 1572 296 ut
1600 272 1676 298 non

267 338 506 381 expectatam
532 331 837 367 adhortationem
863 344 945 368 esse
971 337 1187 379 appareret,
1217 330 1473 366 ostenderunt.
1518 330 1570 366 Et
1597 330 1679 368 haee

266 401 407 450 legatio
445 413 625 449 magnum
655 401 702 436 ad
747 401 1005 437 conciliandos
1036 400 1185 436 animos
1216 399 1425 435 civitatium
1456 399 1562 436 Asiae
1593 412 1676 436 mo-

267 480 433 507 mentum
465 470 548 507 fuit.
596 470 792 507 Decimius
820 483 915 506 unus
942 471 1022 506 sine
1048 470 1124 505 ullo
1153 468 1302 513 effectu,
1333 477 1531 517 captarum
1563 469 1677 505 etiam

266 540 514 589 pecuniarum
545 540 594 576 ab
624 540 776 588 regibus
808 541 1024 589 Illyriorum
1063 539 1279 587 suspicione
1309 537 1484 583 infamis,
1514 540 1678 575 Romam

266 609 389 646 rediit.
1674 598 1676 601 ¹

377 679 564 723 Perseus,
603 691 687 715 cum
725 679 773 713 ab
805 677 1008 725 conloquio
1039 678 1303 714 Romanorum
1343 677 1381 713 iu
1411 675 1679 712 Macedoniam

265 748 472 796 recepisset
512 760 617 793 sese,
659 748 806 796 legatos
857 748 1021 784 Romam
1071 748 1117 782 de
1163 747 1351 783 incohatis
1401 759 1484 782 cum
1531 745 1681 782 Marcio

267 819 554 855 condicionibus
594 819 698 866 pacis
742 817 862 856 misit:
905 824 941 852 et
981 817 1205 865 Byzantium
1249 824 1286 852 et,
1319 816 1497 852 Rhodum
1541 816 1681 851 litteras

266 890 287 912 ἢ*
305 890 327 911 *
353 889 490 937 legatis
520 888 697 925 ferendas
731 887 846 924 dedit.
897 887 939 922 In
961 885 1095 922 litteris
1118 887 1249 922 eadem
1272 885 1459 921 sententia
1480 884 1528 920 ad
1550 895 1681 921 omnes

267 965 368 1002 erat,
399 959 639 994 conlocutum
674 970 715 994 se
746 970 830 993 cum
863 957 1123 992 Romanorum
1167 956 1314 1003 legatis,
1389 954 1484 1001 Quae
1515 954 1683 991 audisset

267 1041 428 1076 quaeque
458 1029 636 1072 dixisset,
675 1028 727 1063 ita
758 1026 964 1074 disposita,
1000 1033 1039 1060 ut
1069 1026 1244 1073 superior
1276 1025 1394 1062 fuisse
1424 1025 1461 1060 in
1492 1024 1682 1072 discepta-

267 1099 369 1134 tione
400 1098 519 1133 videri
550 1104 692 1145 posset.
753 1098 861 1144 Aput
883 1096 1054 1132 Rhodios
1076 1096 1192 1143 legati
1224 1090 1461 1139 addiderunt,
1492 1093 1683 1130 confidere

264 1180 399 1216 pacem
422 1167 609 1210 futuram;
631 1166 850 1202 auctoribus
872 1166 968 1202 enim
990 1166 1137 1201 Marcio
1160 1166 1285 1212 adque
1304 1165 1423 1200 Atilio
1447 1164 1583 1200 missos
1600 1165 1682 1200 Ro-

267 1250 367 1274 mam
391 1238 551 1285 legatos.
583 1236 622 1273 Si
646 1244 845 1284 pergerent
869 1235 1033 1276 Romani
1055 1241 1188 1270 contra
1209 1233 1332 1269 foedus
1355 1246 1510 1270 movere
1531 1233 1683 1277 bellum,

266 1315 344 1344 tum
368 1308 470 1343 omni
492 1306 630 1355 gratia,
648 1306 749 1341 omni
769 1317 840 1352 ope
857 1305 1073 1340 enitendum
1093 1304 1174 1339 fore
1191 1303 1363 1347 Rhodiis,
1382 1309 1421 1338 ut
1441 1302 1685 1338 reconcilient

266 1391 413 1427 pacem.
473 1377 514 1413 Si
542 1375 632 1411 nihil
654 1374 896 1422 deprecando
918 1374 1130 1421 profic-iant,
1152 1374 1190 1409 id
1213 1373 1415 1420 agendum,
1446 1385 1492 1408 ne
1514 1372 1683 1408 omnium

266 1460 391 1483 rerum
424 1447 481 1482 ius
513 1458 557 1482 ac
586 1452 756 1493 potestas
778 1444 826 1479 ad
848 1456 961 1478 unum
987 1443 1167 1491 populum
1191 1442 1401 1491 perveniat.
1456 1440 1554 1478 Cum
1585 1447 1684 1478 cete-

267 1527 395 1551 rorum
428 1516 464 1550 id
498 1516 698 1559 interesse,
729 1522 805 1549 tum
839 1513 1027 1561 praecipue
1065 1513 1323 1557 Rhodiorum,
1365 1524 1440 1560 quo
1471 1511 1555 1559 plus
1590 1510 1688 1547 inter

270 1585 366 1622 alias
411 1585 584 1621 civitates
626 1584 810 1632 dignitate
853 1584 978 1630 adque
1017 1583 1153 1630 opibus
1195 1583 1403 1625 excellant3
1450 1593 1534 1628 quae
1572 1592 1686 1620 serva

271 1655 396 1703 adque
445 1655 613 1691 obnoxia
660 1653 761 1696 foro,
809 1653 839 1688 si
881 1652 1005 1688 nullus
1044 1653 1118 1688 alio
1157 1653 1207 1688 sit
1247 1636 1374 1700 quam·
1401 1651 1448 1686 ad
1488 1651 1684 1686 Romanos

269 1733 475 1772 respectus.
534 1723 661 1771 Magis
693 1730 727 1758 et
758 1722 891 1758 litterae
932 1729 967 1758 et
1005 1724 1125 1758 verba
1156 1723 1369 1770 legatorum
1405 1720 1569 1768 benigne
1599 1726 1686 1756 sunt

270 1794 401 1830 audita
424 1806 537 1841 quam
562 1800 794 1829 momentum
819 1792 867 1828 ad
889 1793 1090 1828 mutandos
1120 1793 1267 1828 animos
1289 1792 1521 1834 habuerunt;
1552 1797 1685 1838 poten-

271 1865 345 1900 tior
385 1876 468 1900 esse
508 1864 628 1912 partis
666 1863 833 1899 melioris
876 1862 1083 1897 auctoritas
1125 1868 1305 1910 coeperat.
1365 1861 1606 1908 Responsum
1637 1871 1686 1895 ex

270 1934 422 1971 decreto
453 1940 531 1978 est,
561 1941 695 1982 optare
725 1945 857 1981 pacem
890 1932 1081 1976 Rhodios3
1120 1931 1152 1967 si
1183 1931 1322 1968 bellum
1358 1936 1479 1975 esset,
1517 1942 1564 1966 ne
1594 1929 1686 1977 quid

272 2130 302 2167 7,
320 2135 337 2161 2
353 2131 777 2170 instructamortanumque
798 2129 919 2168 legatis
939 2116 958 2159 iz
978 2129 1125 2159 romanis
1159 2131 1178 2158 3
1195 2127 1450 2158 adornationem
1500 2124 1532 2161 8,
1548 2128 1567 2155 2
1595 2123 1686 2156 Scri-

271 2187 400 2218 bendum
427 2188 549 2219 videtur
575 2194 780 2218 momentum
806 2187 933 2217 habuit.
961 2186 1033 2217 Em.
1061 2186 1136 2217 530⁵
1190 2189 1207 2215 5
1236 2185 1321 2215 redit
1382 2181 1509 2219 XLVI,
1537 2181 1567 2219 1,
1600 2185 1613 2212 l
1643 2182 1685 2213 ad

272 2245 451 2285 conloquio
495 2250 513 2275 2
533 2246 573 2275 (le
592 2246 777 2276 incohortis
797 2254 870 2275 cum
921 2248 940 2275 3
960 2250 992 2274 et
1011 2244 1152 2274 rhodum
1172 2248 1205 2273 et
1231 2243 1333 2281 legati
1360 2241 1515 2273 serendas
1542 2241 1611 2274 Sed
1633 2253 1690 2273 ez·-

271 2302 384 2333 cidisse
409 2302 555 2343 quwdam
581 2302 744 2333 Creverius
771 2300 858 2338 vidit,
885 2313 1014 2342 quorum
1041 2301 1105 2331 ltaec
1121 2302 1196 2342 sere
1219 2299 1371 2330 sententia
1385 2300 1474 2341 sitit:
1503 2306 1536 2330 et.
1554 2299 1686 2340 Byzan·

271 2360 354 2390 tium
381 2367 414 2390 et
441 2361 596 2390 Rhodum
624 2367 657 2390 ct
681 2361 714 2390 in
741 2361 826 2390 alias
855 2360 1005 2390 civitates
1031 2359 1160 2389 litteras
1188 2358 1228 2388 dc
1253 2357 1370 2387 endem
1391 2367 1426 2387 re
1453 2357 1598 2394 dimisit3
1624 2362 1687 2388 tum

269 2417 510 2449 subiiciebamr:
549 2418 703 2448 Rhodum
738 2417 839 2448 ctiam
872 2417 992 2456 legatis
1027 2415 1181 2446 ferendas
1207 2415 1307 2445 dedit.
1357 2413 1487 2456 (Polyb.
1518 2411 1688 2452 XXVII,

271 2473 322 2513 4.)
379 2473 413 2510 2,
445 2477 457 2503 l
487 2474 596 2505 omnis
647 2478 665 2504 2
692 2475 865 2505 audissent
928 2474 959 2510 3,
990 2477 1004 2504 1
1032 2473 1230 2504 assederunt
1272 2475 1290 2502 2
1318 2472 1439 2503 missos
1474 2480 1632 2502 romanos
1657 2469 1686 2502 εἰ

271 2534 292 2562 4
318 2540 382 2572 ope
406 2531 623 2572 penitendum
647 2530 652 2570 Ι
676 2531 791 2562 rhodis
855 2531 888 2569 4,
919 2535 931 2561 1
961 2531 1196 2571 depraecantdo
1254 2533 1273 2560 3
1300 2529 1477 2573 praecipuae
1499 2529 1504 2570 Ι
1527 2529 1582 2570 qui
1608 2528 1688 2569 plut

275 2586 364 2620 Grev.
417 2591 434 2619 5
461 2587 552 2619 fores
578 2588 690 2619 nullus
736 2588 768 2628 5,
796 2592 814 2619 2
841 2589 1079 2630 potentiorisse
1103 2587 1208 2629 partis
