1742 2902
461 113 563 143 Liber
591 112 701 143 XLII.
753 113 811 151 (A.
840 111 920 144 Chr.
955 114 1045 151 172.)
1355 115 1404 149 63

48 241 123 272 tem
156 239 477 281 querentemque,
521 233 624 281 quod
659 233 722 269 alii
752 231 868 282 shper
898 234 994 270 alios
1024 234 1140 282 legati
1170 234 1342 271 venirent
1376 246 1462 282 spe-

47 304 209 341 culaturi
242 303 345 339 dicta
374 303 555 350 factaque
584 315 677 346 sua,
718 304 821 351 quod
859 315 900 339 se
931 304 979 339 ad
1021 312 1152 340 nutum
1184 304 1463 353 imperiumque

48 386 178 411 eorum
218 373 348 409 omnia
387 372 513 408 dicere
550 385 595 409 ac
634 373 762 409 facere
798 385 916 409 aecum
958 382 1167 412 censerent.
1245 375 1462 418 Postremo,

47 443 206 480 multum
238 454 283 478 ac
317 442 380 478 diu
412 441 677 485 vociferatum,
712 443 851 478 reverti
882 452 1036 491 postero
1054 444 1114 479 die
1143 444 1314 487 iussisse;
1345 443 1464 491 scrip-

48 519 128 549 tum
163 525 204 548 se
234 524 459 559 responsum
492 513 586 548 dare
602 513 710 548 velle.
755 513 855 549 Tum
888 513 941 548 ita
969 513 1039 548 sibi
1070 514 1251 562 scriptum
1284 514 1464 549 traditum

47 594 151 619 esse:
200 581 342 618 Foedus
365 586 466 617 “cum
513 590 623 630 patre
653 583 766 618 ictum
803 583 850 618 ad
885 595 926 619 se
960 583 1051 618 nihil
1084 584 1283 631 pertinere.
1349 583 1393 619 Id
1424 594 1466 619 se

47 651 240 696 renovari,
276 664 351 687 non
383 652 474 699 quia
503 653 697 700 probaret,
728 653 793 688 sed
819 652 909 700 quia
936 653 972 688 in
1004 665 1106 688 nova
1123 653 1364 700 possessione
1381 664 1465 700 reg-

46 721 85 758 ni
116 722 297 770 patienda
327 722 456 758 omnia
486 730 624 767 essent,
669 735 838 771 passum.
917 723 1072 760 Novom
1121 722 1245 758 foedus
1275 723 1306 758 si
1337 735 1465 758 secum

48 791 177 828 facere
207 791 366 836 vellent,
397 792 604 828 convenire
636 793 740 840 prius
771 793 818 828 de
849 793 1134 829 condicionibus
1167 793 1326 836 debere3
1362 793 1393 828 si
1429 792 1467 829 in

47 861 215 898 animum
247 861 490 905 inducerent,
522 870 561 897 ut
595 875 643 898 ex
673 875 783 909 aequo
814 862 939 899 foedus
972 864 1100 907 fieret,
1145 870 1181 898 et
1211 875 1252 899 se
1282 863 1467 907 visurum,

48 931 140 979 quid
171 931 243 968 sibi
272 930 494 967 faciundum
525 939 636 975 esset,
668 940 705 968 et
734 932 819 968 illos
853 933 1007 968 credere
1038 932 1284 980 erepublica
1315 932 1468 967 consul-

47 1007 166 1037 turos.
222 1001 366 1049 Adque
396 1001 450 1037 ita
481 1014 522 1038 se
553 1002 789 1050 proripuisse
820 1009 857 1038 et
886 1002 1119 1038 summoveri
1153 1015 1173 1038 e
1203 1002 1309 1050 regia
1339 1014 1472 1037 omnes

47 1077 205 1119 coeptOS.
269 1071 370 1107 Tum
407 1083 448 1107 se
492 1072 697 1108 amicitiam
731 1079 767 1108 et
796 1072 1017 1108 societatem
1049 1072 1298 1110 renuntiasse.
1381 1072 1469 1118 Qua

47 1153 143 1177 voce
173 1153 259 1177 eum
292 1153 492 1177 accensum
538 1142 722 1178 restitisse
766 1142 892 1189 adque
935 1154 1031 1178 voce
1074 1142 1180 1178 clara
1223 1142 1469 1177 denuntiasse

47 1210 132 1256 sibi,
164 1219 204 1246 ut
233 1212 358 1247 triduo
389 1211 497 1260 regni
529 1212 588 1247 sui
618 1211 843 1248 decederent
874 1213 1024 1248 finibus.
1092 1213 1155 1248 Ita
1187 1224 1228 1248 se
1262 1211 1469 1260 profectos,

48 1293 118 1317 nee
148 1281 221 1317 sibi
253 1288 318 1317 aut
349 1281 590 1317 manentibus
620 1288 685 1317 ααῖ
717 1282 929 1318 abeuntibus
974 1282 1183 1330 quidquam
1227 1282 1470 1330 hospitaliter

50 1357 116 1387 aut
147 1351 309 1399 benigne
339 1350 497 1390 factum.
577 1352 757 1388 Thessali
788 1352 924 1388 deinde
955 1353 1157 1400 Aitolique
1187 1352 1304 1400 legati
1335 1352 1469 1390 auditi.

50 1420 232 1466 Senatui,
279 1428 318 1457 ut
350 1421 491 1457 scirent
522 1434 635 1469 quani
668 1422 855 1470 primum,
896 1423 1033 1470 quibus
1070 1422 1230 1466 ducibus
1262 1435 1379 1458 usura
1410 1435 1470 1458 res

48 1490 203 1539 publica
235 1498 346 1535 esset,
376 1491 522 1528 litteras
554 1492 650 1528 mitti
681 1492 901 1528 consulibus
932 1492 1086 1540 placuit,
1131 1499 1184 1536 ut,
1226 1499 1308 1528 uter
1338 1504 1470 1528 eorum

50 1568 191 1609 posset,
222 1562 386 1597 Romam
416 1562 464 1597 ad
497 1563 744 1610 magistratus
775 1562 962 1598 creandos
992 1563 1152 1600 veniret.

161 1630 270 1667 Nihil
300 1643 554 1680 magnopere,
600 1632 702 1679 quod
742 1632 947 1668 memorari
978 1632 1170 1676 adtineat,
1214 1631 1269 1667 rei
1310 1631 1472 1680 publicae

52 1712 97 1736 eo
129 1713 230 1736 anno
261 1701 436 1737 consules
467 1709 679 1750 gesserant.
744 1702 874 1750 Magis
912 1715 932 1738 e
965 1715 1006 1738 re
1031 1702 1184 1750 publica
1214 1702 1336 1737 visum
1378 1708 1473 1747 erat,

52 1770 241 1819 conprimi
278 1783 323 1807 ae
360 1772 488 1808 sedari
533 1779 785 1821 exasperatos
828 1772 1015 1820 Ligures,
1061 1785 1146 1809 cum
1177 1771 1472 1808 Macedonicum

55 1939 74 1968 3
101 1936 455 1978 alisuperatiosilegati
486 1936 490 1975 1
514 1936 679 1977 speculati
707 1935 896 1976 Rupertius,
934 1935 1005 1976 My.
1034 1935 1055 1967 l.
1083 1946 1108 1966 c.
1138 1934 1260 1977 (Gryn.
1297 1936 1474 1976 speculari,

55 1992 187 2036 Kreyss.
213 1995 441 2035 speculatum)
516 1994 571 2030 10,
604 1998 615 2025 1
654 2004 728 2024 cum
755 1994 803 2024 ita
846 1998 863 2024 2
893 1994 934 2023 ab
971 2003 1005 2023 se
1072 1997 1091 2024 3
1120 2002 1280 2024 renouare
1304 1995 1308 2031 Ι
1330 1994 1476 2034 probare

55 2055 75 2082 4
108 2062 288 2092 passurum
351 2053 405 2089 11,
437 2056 449 2082 l
486 2062 576 2082 nouo
598 2051 730 2093 Kreyss.
756 2052 760 2091 Ι
783 2051 830 2102 sei
874 2050 995 2092 (Gryn.
1026 2050 1061 2081 Si
1095 2061 1170 2082 nov.
1199 2050 1220 2082 s.
1249 2052 1380 2090 secum)
1455 2055 1473 2082 2

57 2119 196 2151 deberet
227 2121 253 2152 si
314 2120 386 2161 My.
421 2120 494 2151 Em.
532 2120 607 2152 520
634 2120 755 2162 (Gryn.
791 2122 930 2157 debere3
967 2126 999 2150 et
1030 2120 1076 2157 si)
1129 2124 1148 2150 3
1176 2120 1332 2150 inducere
1365 2125 1401 2150 ut
1435 2130 1478 2151 ex

57 2186 143 2218 equo
171 2179 256 2209 fidus
306 2183 325 2208 4
353 2179 488 2209 credere
513 2179 778 2219 p.consultu1·os
806 2178 1021 2219 My.(‹1'ryn.
1051 2178 1185 2208 credere
1212 2178 1338 2218 reipub.
1360 2178 1476 2219 cons.)

57 2245 111 2282 12,
143 2249 154 2276 l
193 2250 398 2290 summoueri
425 2249 563 2288 egregia
596 2249 706 2278 omnis
740 2254 900 2289 cuoeptus
946 2257 1022 2278 cum
1064 2257 1099 2277 se
1139 2247 1478 2278 amicitiaamesocie-

58 2319 158 2346 tatem
185 2327 221 2347 se
247 2317 424 2347 nuntiasse
475 2322 494 2347 4
522 2318 650 2348 triduos
704 2318 788 2351 13,l
820 2316 994 2357 profectus
1033 2321 1051 2347 ἱ),
1079 2323 1137 2347 aut
1156 2315 1349 2356 manentlibi
1380 2317 1478 2357 quid-

58 2381 159 2412 quam
189 2373 260 2415 My.
305 2373 427 2416 (Gryn.
456 2375 518 2405 sibi
547 2382 602 2405 aur
638 2375 852 2405 venientibus
887 2381 947 2404 aut
983 2376 1195 2406 manentibus
1232 2376 1308 2415 qu.)
1375 2374 1429 2411 14,
1463 2378 1475 2406 1

60 2431 172 2461 tessali
223 2436 241 2462 2
269 2440 421 2462 senatum
444 2434 449 2472 Ι
471 2443 571 2464 usura
599 2443 654 2473 rep
682 2443 754 2463 esse
836 2436 854 2462 3
883 2442 998 2462 eorum
1027 2439 1115 2463 esset
1145 2432 1244 2464 Gron.
1285 2431 1374 2474 (Csr.
1402 2432 1476 2464 Em.

60 2498 152 2538 520)
215 2504 234 2530 4
265 2501 414 2532 uenisset
440 2511 461 2532 u
533 2502 667 2539 XXVI,
695 2502 726 2538 1,
759 2505 770 2531 1
802 2502 964 2531 adtinead
1031 2506 1049 2532 2
1077 2502 1226 2532 consulis
1290 2506 1308 2532 3
1337 2512 1478 2543 exaspe-

60 2557 172 2588 rathos
198 2568 236 2588 ae
260 2558 377 2598 liguris
421 2558 520 2598 (Non
546 2560 680 2601 reperio,
720 2557 806 2600 quod
846 2570 951 2590 nomen
985 2565 1056 2590 ante
1089 2569 1127 2590 ac
1164 2559 1308 2590 excidere
1328 2560 1477 2601 potuerit,

60 2635 152 2665 quum
166 2624 294 2657 Statelli
307 2626 442 2669 Liyures
466 2628 559 2668 sint.)
610 2628 642 2666 2,
674 2632 685 2659 1
716 2629 971 2658 macedonicum
997 2629 1032 2659 in
1057 2628 1184 2660 bellum

1500 511 1546 548 10

1503 722 1544 758 11

1503 1003 1549 1039 12

1504 1213 1549 1248 13

1504 1355 1552 1390 14

1529 1623 1583 1671 26
