1742 2902
194 735 236 769 to

195 876 203 907 1
225 876 232 908 1

196 1080 239 1113 12

323 131 371 166 38
669 128 770 159 Liber
794 127 903 158 XLII.
967 128 1030 166 (A.
1059 138 1089 158 u.
1118 137 1145 158 c.
1174 129 1272 167 581.)

267 261 389 297 neque
433 248 582 296 publice
626 261 748 296 neque
790 249 968 297 privatim
1014 250 1155 285 factum
1205 262 1228 286 a
1273 249 1516 286 Praenestinis
1561 253 1672 293 esset,
1720 254 1723 286 ·ἐ

267 318 488 366 priusquam
528 318 576 354 ab
615 319 740 354 Roma
786 319 1109 366 proficisceretur,
1151 318 1296 356 litteras
1329 320 1523 355 Praeneste
1559 317 1673 360 misit,
1719 323 1724 349 ἰ

269 394 309 422 ut
339 386 409 422 sibi
441 387 686 435 magistratus
717 388 868 424 obviam
898 388 1036 431 exiret,
1075 388 1199 424 locum
1231 387 1380 435 publice
1407 394 1579 436 pararet,
1608 386 1672 423 ubi

267 455 538 500 deverteretur,
559 456 816 504 iumentaque,
848 469 931 493 cum
954 457 1075 493 exiret
1095 457 1194 499 inde,
1225 463 1363 505 praesto
1386 463 1523 493 essent.
1570 458 1673 493 Ante
1722 448 1723 455 ἵ

267 526 366 561 hunc
387 525 579 561 consulem
604 538 714 561 nemo
737 538 918 573 umquam
942 526 1055 562 sociis
1085 527 1122 562 in
1145 526 1222 562 ulla
1242 539 1283 562 re
1313 527 1418 563 oneri
1449 533 1514 563 aut
1544 538 1673 574 sump—
1722 535 1723 538 ’

269 594 323 630 tui
354 593 435 630 fuit.
493 595 587 631 Ideo
617 595 862 642 magistratus
894 595 1003 631 mulis
1034 595 1365 642 tabernaculisque
1395 602 1432 632 et
1461 596 1564 632 omni
1598 595 1674 631 alio
1722 629 1723 635 ,

268 664 518 700 instrumento
555 663 707 700 militari
738 664 985 708 ornabantur,
1016 676 1062 699 ne
1083 664 1173 712 quid
1197 665 1271 700 tale
1295 665 1526 712 imperarent
1550 664 1675 700 sociis.
1721 694 1723 701 ⁴

270 733 429 769 Privata
466 733 632 780 hospitia
668 734 879 775 habebant;
924 745 971 769 ea
1011 733 1172 781 benigne
1213 734 1447 782 comiterque
1488 733 1677 776 colebant,
1719 752 1723 761 ι

270 802 482 849 domusque
513 815 643 839 eorum
672 804 806 840 Romae
832 803 1045 850 hospitibus
1084 804 1287 850 patebant,
1330 809 1422 851 aput
1459 815 1555 851 quos
1584 803 1678 851 ipsis
1720 798 1723 805 ’

271 872 415 908 deverti
460 883 542 907 mos
584 879 693 908 esset.
767 872 922 920 Legati,
965 872 1029 919 qui
1066 879 1222 920 repente
1261 873 1389 921 aliquo
1429 873 1678 917 mitterentur,
1720 862 1723 869 ’

270 942 421 990 singula
453 941 621 978 iumenta
651 954 719 990 per
748 942 902 990 oppida,
931 942 1003 977 iter
1035 954 1112 989 qua
1140 942 1358 978 faciundum
1391 949 1484 987 erat,
1514 943 1679 990 impera·
1720 955 1721 960 ¹

271 1011 380 1053 bant;
411 1011 526 1047 aliam
556 1011 754 1059 inpensam
781 1012 874 1048 socii
904 1012 941 1047 in
967 1011 1212 1059 magistratus
1238 1012 1435 1048 Romanos
1461 1025 1537 1048 non
1562 1011 1675 1048 facie-
1720 1047 1723 1054 ,

273 1080 377 1116 bant.
438 1081 503 1116 Ira.
543 1081 726 1124 consulis,
767 1081 915 1118 etiamsi
953 1081 1072 1125 iusta,
1113 1093 1189 1116 non
1228 1087 1354 1116 tamen
1385 1081 1421 1117 in
1454 1081 1679 1130 magistratu
1720 1108 1722 1136 ;

273 1150 498 1194 exercenda,
529 1157 566 1186 et
594 1150 782 1186 silentium
804 1150 915 1187 nimis
946 1156 1011 1186 aut
1041 1150 1253 1186 modestum
1286 1156 1351 1186 aut
1381 1150 1553 1186 timidum
1575 1151 1680 1187 1³1·ae-

273 1220 506 1256 nestinorum
547 1220 622 1264 ius,
668 1219 770 1256 velut
813 1220 976 1267 probato
1017 1219 1215 1266 exemplo,
1263 1218 1549 1266 magistratibus
1592 1217 1681 1254 feeit
1720 1207 1722 1217 ι

273 1290 494 1338 graviorum
524 1290 562 1325 in
592 1289 672 1325 dies
702 1289 787 1324 talis
817 1289 965 1336 generis
996 1288 1253 1336 imperiorum.

385 1358 579 1406 Principio
623 1357 733 1410 huius
771 1357 859 1393 anni
903 1357 1032 1404 legati,
1078 1357 1141 1404 qui
1181 1357 1217 1392 in
1246 1356 1433 1393 AEtoliam
1479 1363 1516 1393 et
1554 1357 1685 1392 Mace—
1720 1401 1722 1414 Ι

275 1429 429 1465 doniam
461 1428 565 1464 missi
592 1434 712 1472 erant,
742 1426 1017 1470 renuntiarunt,
1048 1425 1120 1462 sibi
1141 1426 1390 1462 conveniendi
1412 1425 1513 1474 regis
1538 1425 1682 1470 Persei,

275 1510 359 1535 cum
391 1498 454 1534 alii
484 1499 619 1535 abesse
649 1510 746 1543 eum,
781 1496 844 1533 alii
877 1508 1018 1544 aegrum
1051 1507 1155 1540 esse,
1186 1495 1285 1532 falso
1316 1502 1535 1543 utrumque,
1565 1496 1683 1544 finge-

276 1574 378 1612 rent,
419 1574 645 1615 potestatem
686 1579 760 1603 non
807 1566 961 1602 factam.
1027 1566 1158 1602 Facile
1188 1574 1315 1602 tamen
1347 1566 1570 1614 apparuisse
1599 1564 1683 1609 sibi,

276 1638 412 1675 bellum
452 1637 601 1686 parari,
647 1648 715 1673 nec
757 1637 856 1672 ultra
895 1636 942 1672 ad
985 1648 1093 1672 arma
1124 1636 1184 1685 >ire
1222 1635 1438 1672 dilaturum.
1511 1635 1606 1671 Item
1646 1635 1682 1671 in
1718 1659 1719 1662 =

276 1707 426 1744 AEtolia
461 1707 682 1743 seditionem
726 1705 884 1754 gliscere
921 1706 956 1741 in
997 1706 1088 1750 dies,
1119 1717 1241 1752 neque
1270 1704 1546 1740 discordiarum
1578 1704 1683 1752 prin·
1717 1749 1721 1762 Δ

276 1778 378 1826 cipes
412 1776 639 1813 auctoritate
668 1788 738 1811 sua
768 1776 932 1812 coerceri
964 1776 1144 1823 potuisse.
1201 1772 1296 1810 Cum
1329 1772 1467 1809 bellum
1500 1773 1683 1810 Macedo-
1717 1823 1722 1831 .

275 1847 399 1883 nicum
427 1847 464 1883 in
487 1845 753 1894 expectatione
776 1851 886 1888 esset,
909 1845 1131 1893 priusquam
1155 1843 1194 1879 id
1216 1843 1482 1891 susciperetur,
1507 1843 1684 1892 prodigia
1718 1845 1721 1883 j

277 1917 422 1965 expiari
452 1927 664 1964 pacemque
694 1915 802 1950 deum
838 1914 913 1962 peti
943 1913 1248 1962 p1·ecationibuS‚
1287 1912 1351 1960 qui
1383 1912 1472 1948 editi
1503 1925 1551 1948 ex
1584 1911 1684 1949 fata·
1718 1927 1720 1930 >

277 1987 375 2023 libus
405 1986 511 2022 libris
541 1990 686 2029 essent,
724 1983 879 2032 placuit.
947 1983 1097 2020 Lanuvi
1128 1981 1259 2018 classis
1293 1993 1441 2029 magnae
1470 1982 1616 2030 species
1646 1982 1682 2018 in
1718 1998 1723 2004 ·

277 2056 367 2092 caelo
407 2056 499 2092 visae
536 2054 760 2091 dicebantur
797 2059 834 2089 et
873 2052 1049 2089 Priverni
1092 2051 1181 2088 lana
1212 2051 1317 2099 pulla
1349 2056 1452 2087 terra
1482 2056 1618 2095 enata,
1647 2055 1684 2086 et
1718 2089 1719 2101 2

277 2256 296 2282 4
323 2252 466 2292 publicoe
517 2254 534 2281 6
560 2250 708 2282 Hertzius
723 2251 851 2281 exirent
870 2255 898 2280 et
914 2254 1080 2289 pararent,
1103 2246 1307 2288 probabiliter
1329 2248 1333 2287 Ι
1356 2247 1500 2288 publicae
1551 2248 1566 2277 7
1595 2250 1684 2278 esset

275 2319 307 2357 8,
336 2323 353 2350 2
381 2320 449 2350 soci
504 2319 536 2358 9,
565 2323 583 2350 2
610 2324 795 2350 strumento
854 2318 909 2356 11,
941 2321 953 2349 1
984 2317 1119 2356 aliquod
1173 2320 1190 2346 2
1219 2325 1293 2356 quae
1320 2301 1528 2346 facinni'dum
1583 2319 1602 2346 3
1629 2324 1684 2346 ro·
1716 2316 1724 2346 'J

276 2386 378 2407 mano
465 2375 526 2413 12,
558 2380 568 2406 l
599 2376 719 2406 iniuria
744 2385 836 2407 cons.
864 2373 1005 2406 schelius
1049 2377 1067 2404 2
1095 2373 1193 2404 minis
1216 2374 1221 2413 1
1244 2372 1408 2403 tumidum
1434 2372 1683 2413 penestinorum
1716 2385 1719 2407 Ἰι

275 2429 463 2476 iussuuelut
508 2443 599 2481 11‚1,
626 2448 638 2474 1
669 2444 911 2475 macaedoniam
947 2446 965 2473 2
985 2441 1194 2473 conuenendi
1230 2441 1387 2472 3abesse
1402 2450 1477 2471 cum
1497 2440 1555 2471 alii
1603 2439 1635 2478 2,
1666 2442 1680 2470 1
1714 2446 1719 2483 2

277 2513 340 2545 sibi
366 2522 435 2543 non
457 2511 584 2542 bellum
636 2516 654 2542 2
678 2497 852 2542 necaultra
874 2512 878 2549 Ι
900 2512 962 2541 iret
984 2513 987 2550 t
1010 2511 1043 2541 in
1068 2510 1214 2540 aetoliam
1263 2513 1282 2540 3
1302 2494 1431 2540 discere
1494 2508 1526 2546 3,
1554 2511 1573 2539 3
1598 2516 1684 2550 prm-

277 2570 532 2609 cationibusque
562 2569 640 2599 editi
675 2569 772 2599 tiron.
796 2568 916 2610 (Gryn.
935 2577 1008 2608 quae
1023 2567 1138 2607 editae)
1193 2565 1226 2606 4,
1258 2569 1271 2597 l
1294 2565 1386 2596 lanui
1435 2568 1455 2596 2
1485 2564 1585 2597 Gron.
1611 2563 1689 2596 visa.
1720 2555 1723 2558 Α

277 2627 449 2658 dicebatur
471 2627 474 2665 Ι
498 2631 629 2656 terrena
655 2631 687 2655 et
713 2626 746 2655 in
772 2625 833 2662 (ΙΙ.
863 2625 1098 2663 teri-enatetin)
1720 2614 1721 2617 ¹
