1796 2929
546 141 646 172 Liber
671 139 796 171 XLIV.
846 141 908 176 (A.
927 140 989 173 Ch.
1011 142 1103 179 169.)
1402 143 1474 176 155

123 264 279 309 efflaret,
303 264 500 313 opsidibus
521 270 732 306 contentus,
762 263 844 298 sine
875 264 1052 311 praesidio
1077 264 1291 311 relinquere
1312 274 1352 298 se
1384 261 1436 298 eis
1471 274 1531 296 ur-

124 333 222 377 bem,
253 332 501 382 inmunesque
533 346 576 370 ac
606 333 683 369 suis
715 332 860 380 legibus
882 333 1063 377 victuros,
1094 340 1150 368 est
1171 332 1374 380 pollicitus.
1435 332 1531 367 Pro·
1566 333 1587 366 5

122 415 275 452 gressus
305 403 391 438 inde
420 403 492 439 diei
524 402 612 446 iter,
644 402 691 437 ad
722 402 941 438 Ascordum
974 403 1112 438 flumen
1144 402 1271 450 posuit
1301 408 1446 443 castra;
1486 407 1533 435 et.

123 479 306 520 quantum
350 472 572 520 procederet
612 471 762 519 longius
793 483 816 507 a
846 471 1071 515 Thessalia,
1109 483 1153 506 eo
1195 472 1376 507 maiorem
1409 483 1533 507 rerum

123 543 290 578 omnium
322 542 490 590 inopiam
521 540 709 583 sentiens,
740 553 936 589 regressus
968 541 1018 576 ad
1048 541 1164 576 Dium
1197 548 1272 585 est,
1303 540 1538 576 dubitatione

124 612 299 648 omnibus
345 616 545 658 exempta,
596 610 686 658 quid
736 610 940 647 intercluso
982 612 1030 647 ab
1071 610 1275 646 Thessalia
1315 610 1535 657 patiendum

123 681 275 727 fuisset,
316 681 374 717 eui
406 679 538 728 procul
579 679 666 715 inde
697 680 902 716 abscedere
930 687 1050 716 tutum
1082 693 1157 716 non
1189 686 1300 717 esset.
1360 680 1536 721 Perseus.v

123 751 329 787 contractis
360 751 396 786 in
428 763 541 786 unum
575 748 750 785 omnibus
781 750 900 798 copiis
931 750 1185 797 ducibusque,
1216 749 1413 796 inerepare
1443 760 1538 796 prae-

123 821 243 857 fectos
265 819 542 867 praesidiorum,
574 825 660 855 ante
691 831 822 854 omnes
843 819 1160 867 Asclepiodotum
1189 818 1314 866 adque
1335 817 1538 865 Hippiam;

125 890 172 926 ab
206 890 263 925 his
294 889 420 926 dicere
449 889 616 925 claustra
646 888 884 924 Macedoniae
914 889 1057 925 tradita
1087 889 1273 925 Romanis
1304 898 1403 930 esse;
1434 886 1539 922 cuius

123 959 243 1007 oulpae
281 971 366 995 reus
411 970 522 994 nemo
562 958 696 994 iustius
744 970 859 1005 quam
897 959 980 1006 ipse
1018 958 1162 994 fuisset.
1238 956 1395 993 Consuli
1431 962 1538 1003 post-

125 1041 238 1076 quam
278 1040 326 1064 ex
363 1028 441 1064 alto
482 1034 687 1076 conspecta
734 1027 866 1063 elassis
904 1040 1010 1076 spem
1048 1026 1159 1071 feeit,
1202 1038 1285 1062 cum
1325 1033 1540 1062 commeatu

125 1110 242 1134 naves
284 1097 413 1134 venire
454 1097 606 1145 (ingens
645 1096 743 1133 enim
795 1097 936 1134 caritas
977 1109 1138 1132 annonae
1177 1108 1222 1132 ae
1261 1108 1382 1143 prope
1411 1094 1541 1142 inopia

124 1168 236 1214 erat),
268 1167 315 1203 ab
343 1167 502 1203 invectis
532 1166 607 1202 iam
640 1173 792 1214 portum
814 1167 932 1211 audit,
964 1167 1162 1203 onerarias
1192 1178 1311 1202 naves
1332 1165 1541 1214 Magnesiae

124 1237 275 1273 relictas
297 1248 391 1272 esse.
453 1237 604 1272 Incerto
635 1236 734 1281 inde,
770 1237 950 1284 quidnam
974 1237 1163 1284 agendum
1197 1235 1296 1272 soret
1327 1235 1440 1281 (adeo
1461 1235 1541 1270 sine

124 1306 200 1342 ulla
231 1318 304 1354 ope
345 1306 486 1350 hostis,
519 1318 602 1353 quae
633 1306 886 1353 adgravaret,
927 1318 1012 1342 eum
1043 1306 1128 1354 ipsa
1160 1305 1385 1341 difficultate
1414 1317 1540 1340 rerum

123 1375 370 1424 pugnandum
405 1376 517 1423 erat),
551 1382 836 1424 peropportune
869 1376 1002 1412 litterae
1041 1388 1064 1411 a
1095 1375 1161 1423 Sp.
1193 1356 1372 1412 Lucretio
1405 1374 1543 1410 adlatae

124 1453 222 1490 sunt,
257 1445 414 1482 castella
444 1457 506 1490 se,
546 1457 630 1493 quae
668 1457 784 1493 super
816 1446 965 1494 Tempe
1004 1452 1129 1481 essent
1169 1452 1205 1480 et
1246 1445 1348 1480 eirca
1387 1444 1540 1488 Philan,

122 1523 249 1552 tenere
280 1515 430 1559 omnia,
471 1515 728 1562 frumentique
769 1515 805 1550 in
840 1515 884 1551 iis
926 1523 961 1552 et
1003 1515 1163 1551 aliarum
1198 1515 1236 1550 in
1274 1525 1383 1550 usum
1414 1526 1540 1550 rerum

72 1603 81 1609 ν
121 1585 271 1633 copiam
302 1585 502 1620 invenisse.
1425 1584 1430 1587 ’

235 1653 305 1690 His
336 1666 476 1701 magno
520 1666 635 1702 opere
669 1654 775 1690 laetus
814 1654 947 1690 consul
987 1655 1035 1690 ab
1066 1654 1144 1690 Dio
1175 1654 1224 1689 ad
1255 1654 1394 1690 Philan
1426 1654 1538 1691 ducit.

122 1723 233 1760 simul
263 1729 303 1759 ut
332 1723 550 1772 praesidium
589 1724 669 1760 eius
704 1724 894 1768 firmaret,
938 1723 1050 1760 simul
1087 1729 1128 1759 ut
1158 1723 1266 1760 militi
1296 1724 1540 1760 frumentum.

85 1810 87 1813 ¹
122 1794 227 1829 euius
269 1794 380 1829 tarda
425 1793 622 1830 subvectio
662 1800 765 1838 erat,
808 1793 1006 1829 divideret.
1065 1793 1124 1829 Ea
1162 1792 1349 1841 profectio
1394 1792 1537 1828 famam

123 1864 423 1911 haudquaquam
467 1864 672 1900 secundam
716 1863 862 1899 habuit.
933 1864 1036 1899 Nam
1080 1862 1144 1898 alii
1191 1870 1292 1898 metu
1339 1863 1541 1899 recessisse

123 1944 206 1967 eum
241 1933 290 1968 ab
330 1932 439 1968 hoste
468 1932 664 1976 ferebant,
707 1933 797 1980 quia
833 1933 1000 1968 manenti
1037 1932 1074 1968 in
1106 1931 1234 1968 Pieria
1265 1933 1399 1980 proelio
1431 1933 1539 1969 dimi-

123 2001 284 2038 candum
316 2001 433 2045 foret,
465 2002 549 2043 alii,
592 2002 787 2049 ignarum,
818 2003 907 2038 belli
938 2014 1022 2050 quae
1054 2002 1092 2037 in
1123 2001 1203 2037 dies
1234 2001 1389 2038 fortuna
1417 2015 1536 2038 nova-

434 2058 449 2066 u

125 2225 143 2251 3
165 2221 226 2252 sibi
250 2221 405 2261 praesidio
430 2221 635 2260 relinqueres
650 2221 696 2251 eis
721 2220 838 2250 urbem
890 2219 921 2256 6,
939 2224 956 2249 2
974 2219 1042 2249 diei
1068 2220 1148 2249 item
1189 2218 1220 2257 7,
1240 2223 1251 2249 l
1271 2219 1538 2251 dubitationibus

125 2282 143 2309 3
159 2284 281 2309 tuttum
320 2278 352 2314 8,
372 2282 384 2309 1
413 2288 550 2318 perseus
565 2278 709 2318 peractis
724 2277 832 2308 Potest
844 2277 937 2307 etiam
953 2276 1201 2317 coactis-fuisse,
1217 2282 1250 2306 ul
1269 2275 1378 2307 {Veis-s.
1395 2277 1535 2307 coniecit.

125 2350 144 2377 3
170 2347 284 2388 hippia
333 2347 396 2384 9,1
429 2347 553 2377 diceret
574 2347 579 2386 l
602 2346 801 2376 macedonia
844 2345 898 2383 10,
918 2349 937 2375 4
965 2332 1149 2376 onternrias
1190 2344 1243 2381 11,
1272 2349 1289 2375 2
1317 2345 1407 2376 Fort.
1436 2355 1539 2386 opera

124 2404 230 2435 hostis
255 2403 330 2435 Em.
357 2403 430 2435 565
503 2403 558 2441 12,
591 2407 602 2434 l
630 2403 771 2434 castella
796 2403 822 2434 si
845 2404 849 2442 Ι
872 2413 945 2434 esse
972 2409 1005 2433 et
1031 2403 1119 2433 circa
1144 2402 1235 2444 pilati
1332 2402 1432 2440 VIII,
1459 2402 1490 2441 1,
1518 2407 1536 2434 3

126 2462 323 2503 subuectuio
393 2472 426 2509 2,
453 2476 470 2502 2
498 2473 796 2513 haudquamquam
862 2476 880 2502 3
909 2472 1056 2502 manenti
1083 2472 1225 2512 imperia
1251 2470 1383 2513 Kreyss.
1413 2471 1535 2513 (Gryn.

126 2530 274 2560 manenti
300 2530 515 2570 imperatori)
589 2530 629 2563 3,
660 2533 672 2561 1
715 2530 916 2569 aliignarum
951 2527 1079 2559 Deinde
1111 2528 1309 2560 scribendum
1335 2528 1459 2560 videtur
1483 2535 1540 2560 aut

125 2587 279 2626 ignarum
304 2587 396 2627 belli,
422 2587 513 2627 quod
538 2588 572 2617 in
598 2588 668 2617 dies
701 2586 790 2627 (Em.
820 2586 910 2625 566)
946 2592 1003 2616 aut
1018 2587 1133 2627 potius9
1160 2585 1247 2626 qnod
1272 2586 1438 2617 Perizonio
1464 2585 1537 2627 pla-

126 2644 222 2682 cebat,
248 2645 402 2683 ignarum
430 2644 509 2675 belli
537 2653 688 2684 quaeque.

1569 542 1587 575 7

1571 680 1591 714 S

1571 890 1592 923 9

1579 961 1587 992 l
1600 960 1622 992 Ο

1579 1238 1617 1272 ll

1578 1442 1621 1477 12
