1742 2902
462 122 562 153 Liber
588 122 697 154 XLII.
746 123 810 162 (Α.
837 121 916 153 Chr.
949 123 1042 162 171.)
1355 124 1400 157 77

45 243 137 292 ipsis
171 242 452 279 accersentibus
483 243 680 290 praesidia,
725 229 952 280 utxtutiores
985 256 1007 280 a
1037 244 1282 279 finitimorum
1317 241 1457 288 impetu

46 312 302 350 Macedonum
329 318 466 356 essent,
499 312 611 347 misit.

159 381 302 418 Paucis
333 388 420 428 post
450 381 584 416 diebus
615 381 661 427 Q.
692 381 876 423 Marcius,
908 382 958 417 A.
992 381 1134 416 Atilius
1165 387 1201 416 et
1234 381 1277 417 P.
1309 386 1346 415 et
1376 379 1459 415 Ser.

46 449 213 487 Cornelii
252 449 402 485 Lentuli
466 455 501 484 et
544 449 587 486 L.
621 449 838 493 Decimius,
883 449 999 497 legati
1042 450 1079 485 in
1111 449 1302 486 Graeciam
1345 449 1460 492 missi,

47 519 255 567 Corcyram
287 517 454 565 peditum
489 517 588 553 mille
614 529 741 553 secum
760 518 1008 553 advexerunt.
1051 519 1109 554 Ibi
1139 519 1237 555 inter
1266 531 1306 554 se
1337 525 1373 554 et
1403 531 1461 554 re—

46 588 191 637 giones,
236 599 332 634 quas
363 587 524 629 obirent,
569 592 605 622 et
639 587 776 622 milites
807 587 1030 624 diviserunt.
1096 588 1291 624 Decimius
1325 588 1462 624 missus
1494 588 1501 598 ⁶

48 663 105 693 est
135 656 183 692 ad
214 655 411 700 Gentium,
439 668 568 704 regem
602 656 832 704 Illyriorum,
865 655 1018 705 [quem]
1051 657 1083 692 si
1115 657 1280 705 aliquem
1312 670 1462 706 respec-

48 735 126 762 tum
154 725 330 762 amicitiae
360 737 444 760 eum
477 725 620 761 habere
635 731 817 769 cerneret,
846 731 1037 762 retentare
1068 733 1134 762 aut
1164 728 1277 763 etiam
1302 727 1350 762 ad
1376 726 1462 762 belli

48 796 268 833 societatem
311 794 493 842 perlicere
534 794 671 829 iussus.
750 794 902 830 Lentuli
940 796 977 831 in
1010 795 1299 844 Cephalleniam
1345 796 1462 840 missi,

49 873 89 902 ut
121 866 160 901 in
189 864 499 912 Peloponnesum
535 863 738 899 traicerent
778 876 963 911 oramque
1005 866 1121 901 maris
1159 866 1196 901 in
1228 865 1461 901 occidentem

50 934 150 972 versi
192 941 281 970 ante
324 933 485 969 hiemem
531 932 783 970 circumirent.
867 934 1016 970 Marcio
1061 942 1098 970 et
1143 934 1262 971 Atilio
1308 934 1462 981 Epirus,

49 1004 222 1048 AEtolia,
265 1002 468 1039 Thessalia
497 1002 774 1038 circumeundae
806 1003 1069 1050 adsignantur.
1146 1003 1241 1039 Inde
1271 1003 1461 1038 Boeotiam

50 1074 176 1121 adque
205 1073 392 1110 Euboeam
426 1071 622 1119 adspicere
653 1072 758 1116 iussi,
789 1080 866 1107 tum
897 1072 935 1107 in
951 1073 1260 1120 Peloponnesum
1293 1072 1463 1109 traicere.

50 1143 110 1180 Ibi
140 1153 413 1190 congressuros
443 1153 483 1177 se
513 1154 597 1177 cum
630 1142 802 1178 Lentulis
832 1142 1078 1178 constituunt.
1144 1142 1376 1189 Priusquam
1407 1141 1462 1176 di-

50 1212 298 1261 grederentur
328 1224 351 1248 a
381 1211 574 1259 Corcyra,
619 1210 753 1246 litterae
785 1223 807 1246 a
837 1212 981 1247 Perseo
1013 1212 1151 1247 adlatae
1181 1220 1279 1254 sunt,
1327 1211 1464 1258 quibus

52 1282 266 1330 quaerebat,
297 1293 382 1329 quae
412 1293 530 1317 causa
560 1280 746 1316 Romanis
777 1287 842 1316 aut
872 1280 910 1316 in
941 1280 1132 1318 Graeciam
1172 1280 1370 1316 traiciendi
1401 1291 1464 1316 co-

50 1351 134 1400 pias
172 1357 238 1387 aut
274 1350 388 1386 urbes
429 1349 642 1397 occupandi
680 1356 790 1386 esset.
865 1349 937 1386 Cui
981 1350 1139 1387 rescribi
1186 1363 1262 1386 non
1307 1349 1464 1397 placuit,

51 1420 183 1458 nuntio
213 1420 346 1468 ipsius,
378 1419 442 1467 qui
471 1419 616 1455 litteras
651 1419 860 1465 adtulerat,
891 1420 986 1464 dici,
1018 1419 1185 1467 praesidii
1217 1431 1335 1455 causa
1363 1418 1466 1466 ipsa-

52 1503 135 1528 rum
180 1489 329 1526 urbium
371 1490 568 1525 Romanos
605 1487 744 1526 faeere.
830 1489 996 1533 Lentuli,
1045 1489 1321 1524 circumeuntes
1352 1488 1469 1524 Pelo-

52 1559 212 1608 ponnesi
242 1558 406 1607 oppida,
456 1570 539 1595 cum
581 1558 664 1594 sine
698 1558 915 1595 discrimine
957 1570 1089 1595 omnes
1121 1558 1295 1594 civitates
1331 1557 1471 1593 adhor-

53 1634 238 1672 tarentur,
268 1633 329 1672 ut,
361 1640 437 1675 quo
471 1628 621 1672 animo,
667 1640 744 1675 qua
773 1628 847 1663 fide
880 1628 1117 1664 adiuvissent
1148 1629 1346 1664 Romanos
1377 1626 1473 1663 Phi-

53 1697 148 1746 lippi
176 1697 364 1745 primum,
394 1696 531 1732 deinde
561 1697 745 1733 Antiochi
775 1697 896 1742 bello,
945 1698 1079 1734 eodem
1113 1698 1297 1734 adversus
1328 1697 1474 1733 Persea

54 1766 241 1812 iuvarent,
272 1765 465 1803 fremitum
495 1766 534 1802 in
563 1766 805 1803 contionibus
835 1767 1063 1811 sentiebant,
1087 1766 1242 1803 Achaeis
1272 1766 1474 1814 indignan-

54 1836 168 1881 tibus,
199 1836 333 1872 eodem
364 1847 405 1872 se
434 1836 519 1872 loco
550 1847 652 1880 esse,
696 1836 761 1883 qui
791 1836 921 1872 omnia
952 1849 975 1872 a
1007 1836 1203 1884 principiis
1234 1835 1474 1872 Macedonici

56 1905 144 1942 belli
182 1904 445 1954 praestitissent
481 1904 690 1948 Romanis,
736 1918 805 1952 quo
835 1905 1018 1941 Messenii
1051 1905 1177 1952 adque
1212 1905 1308 1947 Elii,
1352 1907 1476 1952 quiet

57 2030 76 2057 3
95 2014 245 2057 tuitiores
261 2023 265 2066 l
282 2027 447 2066 impetum
495 2025 680 2064 XXXVII,
702 2027 733 2065 1,
754 2030 765 2057 l
785 2027 953 2058 marcibus
969 2026 973 2065 1
991 2027 1120 2057 seruilis
1147 2027 1276 2057 corneli
1310 2030 1328 2056 4
1348 2028 1474 2058 obirem

55 2083 89 2121 2,
107 2087 118 2114 l
132 2082 191 2124 (H.
206 2094 237 2124 p.
250 2083 428 2123 decimius)
451 2087 469 2113 2
484 2092 583 2123 quem
602 2082 805 2125 inclusitstlq.
821 2083 894 2114 Em.
908 2083 981 2115 529
1006 2088 1024 2114 3
1041 2083 1196 2114 amicitiae
1210 2093 1285 2113 cum
1301 2089 1371 2114 teste
1390 2083 1476 2114 Vah-

57 2139 114 2171 len.
134 2142 138 2183 ¹.
155 2145 306 2171 cerneret
331 2145 510 2181 temptaret
537 2141 720 2181 (temptare
736 2140 856 2182 Gryn.)
887 2140 958 2181 My.
979 2140 999 2171 l.
1018 2152 1043 2171 c.
1073 2140 1243 2180 (Fortasse
1269 2139 1386 2171 excidit
1408 2141 1476 2172 Ro-

58 2206 166 2228 manae
188 2203 263 2238 post
287 2198 462 2237 amicitiae)
486 2198 491 2237 Ι
513 2203 549 2228 ut
575 2199 676 2228 etiam
727 2202 746 2228 4
771 2198 951 2238 perliceret-
999 2197 1030 2235 3,
1058 2201 1071 2228 1
1102 2197 1324 2238 cepallaniam
1375 2201 1393 2228 2
1419 2208 1477 2238 pe-

56 2253 301 2294 loponnensum
342 2254 374 2292 4,
402 2258 420 2285 2
448 2255 739 2286 aetolietthessalia
758 2254 829 2295 My.
844 2254 915 2285 Em.
931 2253 1015 2285 530.
1045 2253 1164 2296 (Gryn.
1192 2254 1323 2285 AEtolia
1348 2260 1380 2285 et
1394 2254 1478 2291 Th.)

59 2319 65 2361 Ι
99 2322 369 2353 circumeundem
406 2313 648 2363 adsignanteur
670 2322 675 2363 Ι
697 2323 847 2354 boetiam
904 2326 923 2353 3
963 2322 1253 2364 peloponnensum
1317 2326 1335 2353 4
1361 2323 1478 2353 lentuli

59 2377 91 2416 5,
118 2382 136 2409 3
164 2379 327 2418 querebat
367 2379 399 2418 6,
419 2384 431 2410 l
455 2379 553 2422 Gryn.
569 2381 708 2412 rescribi
724 2380 809 2411 nihil
823 2379 868 2420 pl.
907 2383 926 2410 3
942 2389 1101 2410 romanas
1143 2379 1175 2420 7,
1200 2383 1212 2410 1
1237 2380 1477 2421 peloponnensi

60 2438 79 2466 3
105 2435 520 2478 adiuuassentEd.Luyd.
563 2442 582 2468 4
603 2438 752 2468 anthioci
790 2440 807 2467 5
834 2437 869 2466 in
896 2437 1108 2468 contionibus
1133 2436 1323 2468 fremebant
1346 2435 1477 2467 Vahlen.

62 2490 178 2533 (Gryn.
214 2493 406 2524 audiebant.
444 2493 509 2525 Res
534 2494 680 2535 incerta.)
734 2494 766 2531 8,
798 2498 809 2525 1
841 2493 955 2524 aeheis
1007 2498 1026 2524 3
1051 2494 1199 2525 romanis
1226 2499 1258 2524 et
1285 2494 1479 2524 macedonis

61 2548 213 2590 philippo
250 2550 342 2581 bello
367 2551 483 2582 hostes
507 2550 651 2582 fuissent
676 2551 825 2582 messeni
859 2551 970 2590 adque
995 2551 1046 2581 aeli
1072 2561 1133 2591 pro
1168 2550 1328 2581 anthioco
1362 2550 1481 2580 hostea

64 2614 157 2636 roma
197 2607 360 2638 aduersus
388 2606 459 2647 My.
487 2607 560 2638 Em.
589 2607 657 2638 531
701 2608 777 2647 (nisi
816 2606 903 2648 quod
940 2607 1000 2643 ibi,
1045 2618 1139 2648 quum
1176 2607 1268 2638 bello
1302 2606 1417 2637 hostes
1451 2607 1482 2637 in

1519 371 1570 416 37
