1742 2902
314 111 360 146 64
668 112 771 143 Liber
795 112 906 144 XLII.
959 114 1020 155 (A.
1049 123 1080 145 u.
1109 123 1137 145 c.
1166 115 1262 152 582.)

254 230 394 268 bellum
427 238 707 280 expectaretur.
749 232 931 271 Gentium
963 247 1128 283 quoque,
1158 235 1377 284 Illyriorum
1406 247 1562 283 regem,
1609 246 1672 272 su·

254 309 424 349 spectum
448 302 553 338 Issaei
586 302 701 350 legati
732 302 915 348 fecerunt,
945 305 1057 341 simul
1085 305 1220 353 questi,
1250 306 1344 341 fines
1370 317 1460 341 suos
1491 317 1575 341 eum
1606 305 1672 342 de-

258 371 508 419 populatum,
553 371 665 408 simul
695 374 931 419 nuntiantes,
976 388 1053 412 uno
1094 376 1221 412 animo
1254 375 1382 411 vivere
1411 375 1670 413 Macedonum

253 441 379 488 adque
420 441 637 489 Illyriorum
683 456 836 493 regem;
881 446 1075 482 communi
1113 445 1271 481 consilio
1316 457 1455 493 parare
1486 445 1671 483 Romanis

252 510 415 554 bellum;
455 518 492 547 et
521 512 648 559 specie
690 513 903 562 legatorum
938 516 1091 564 Illyrios
1122 515 1382 564 speculatores
1412 515 1546 552 Rornae
1575 527 1672 561 esse,

253 579 373 615 Perse
403 588 560 617 auctore
588 582 737 627 missos,
769 591 821 629 ut,
853 585 943 632 quid
961 595 1151 633 ageretur,
1181 585 1332 622 scirent.
1391 584 1512 633 Illyrii
1542 585 1678 622 vocati-

251 649 289 685 in
319 657 506 687 senatum.
579 652 654 699 Qui
685 664 768 689 cum
800 653 949 702 legatos
990 667 1031 691 se
1068 667 1152 691 esse
1193 655 1330 691 missos
1368 655 1417 690 ab
1450 666 1540 703 rege
1569 655 1671 692 dice·

250 726 335 756 rent
367 720 415 756 ad
447 722 650 769 purganda
680 723 852 768 crimina,
898 725 929 761 si
975 737 1053 774 qua
1096 725 1143 761 de
1185 737 1276 773 rege
1320 724 1427 760 Issaei
1467 723 1671 771 deferrent,

252 790 450 838 quaesitum
486 798 564 837 est,
611 792 701 840 quid
734 793 789 830 ita
817 807 894 830 non
926 795 1095 831 adissent
1125 795 1414 843 magistratum,
1461 801 1502 831 ut
1531 807 1579 831 ex
1612 795 1671 832 in-

249 861 381 897 stituto
412 861 521 906 loca,
561 861 681 898 lautia
719 864 956 912 acciperent,
987 865 1147 901 sciretur
1181 865 1364 912 denique,
1401 864 1553 900 venisse
1590 876 1669 911 eos,

249 937 286 967 et
315 943 431 979 super
461 944 539 979 qua
570 945 612 968 re
640 933 860 970 venissent?
904 935 1181 971 Haesitantibus
1214 935 1250 970 in
1274 946 1473 982 responso,
1504 940 1545 970 ut
1563 934 1671 971 curia

248 1001 499 1045 excederent,
548 1002 703 1038 dictum.
788 1005 1032 1052 Responsum
1075 1012 1272 1052 tamquam
1312 1003 1472 1052 legatis,
1517 1004 1594 1051 qui,
1625 1010 1667 1041 ut

249 1071 399 1107 adirent
428 1078 629 1116 senatum,
663 1085 739 1109 non
770 1075 1049 1122 postulassent,
1084 1075 1168 1111 dari
1199 1087 1274 1110 non
1305 1073 1470 1122 placuit;
1515 1074 1666 1110 mitten-

248 1141 396 1188 dosque
426 1142 475 1177 ad
504 1154 632 1190 regem
660 1142 810 1191 legatos
827 1151 1067 1189 censuerunt,
1098 1145 1163 1192 qui
1192 1144 1422 1187 nuntiarent,
1454 1143 1544 1192 quid
1574 1144 1669 1181 socii

248 1218 519 1258 quererentur3
570 1219 745 1248 senatum
791 1214 1049 1259 existumare,
1093 1227 1169 1250 non
1225 1226 1343 1251 aecum
1390 1226 1475 1250 eum
1526 1212 1668 1260 facere,

248 1280 313 1328 qui
343 1281 392 1317 ab
423 1281 537 1317 sociis
567 1282 645 1318 suis
675 1295 750 1318 non
782 1284 990 1320 abstineret
1019 1285 1209 1320 iniuriam.
1283 1285 1329 1320 In
1368 1284 1467 1320 hanc
1506 1283 1667 1332 legatio-

246 1363 333 1386 nem
374 1350 479 1387 missi
518 1352 570 1388 A.
601 1352 806 1389 Terentius
838 1353 988 1397 Varro,
1037 1353 1081 1392 C.
1114 1354 1337 1398 Plaetorius,
1383 1352 1427 1390 C.
1459 1352 1668 1393 Cicereius.

245 1421 309 1457 Ex
340 1421 458 1466 Asia,
491 1422 555 1469 qui
586 1422 687 1458 circa
719 1423 844 1459 socios
874 1435 986 1472 reges
1015 1424 1121 1460 missi
1151 1431 1279 1468 erant,
1309 1423 1504 1460 redierunt
1532 1423 1664 1471 legati,

247 1491 311 1539 qui
344 1491 630 1537 renuntiarunt,
661 1492 859 1529 Eumenen
890 1493 928 1529 in
959 1506 1017 1539 ea,
1048 1494 1283 1531 Antiochum
1314 1493 1351 1529 in
1375 1493 1502 1542 Syria,
1533 1493 1664 1530 Ptole-

245 1573 381 1597 maeum
414 1561 662 1598 Alexandriae
693 1574 776 1599 sese
806 1563 1043 1602 convenisse.
1120 1563 1265 1601 Omnes
1302 1563 1528 1600 sollicitatos
1557 1563 1663 1612 lega·

244 1630 411 1667 tionibus
444 1631 601 1677 Persei,
645 1632 713 1670 sed
744 1633 896 1682 egregie
927 1635 964 1670 in
992 1634 1068 1670 fide
1096 1645 1347 1683 permanere,
1394 1628 1663 1682 pollicitosque

242 1849 261 1876 2
288 1846 299 1876 i
325 1854 440 1884 regem
456 1850 646 1885 susceptum
673 1855 748 1876 esse
772 1845 877 1885 legati
894 1845 965 1887 My.
982 1845 1054 1877 Em.
1071 1845 1278 1888 521(Gryn.
1305 1845 1479 1885 Issenses)
1531 1849 1549 1877 3
1568 1855 1660 1887 quae-

242 1915 563 1946 stionesuosecundo
611 1914 809 1954 populatum
854 1913 924 1955 My.
969 1913 1042 1946 Em.
1076 1914 1145 1946 521
1190 1915 1268 1956 (cfr.
1307 1915 1514 1956 secundique
1546 1925 1584 1945 ez·
1623 1924 1659 1946 se

240 1973 389 2012 undique
415 1973 446 2003 in
473 1971 523 2002 M.
551 1970 601 2004 II.
637 1970 696 2008 23,
726 1972 756 2009 8,
801 1973 1093 2013 secundaeportare
1121 1971 1224 2010 XLI,
1256 1971 1313 2010 17,
1341 1972 1375 2003 3.
1439 1971 1539 2015 Gryn.
1572 1972 1658 2004 fines

240 2051 319 2073 suos
347 2041 496 2072 secundo
521 2040 620 2080 pop.)
670 2040 701 2077 3,
733 2044 745 2070 1
776 2042 919 2081 speciem
971 2040 1004 2079 4,
1036 2045 1047 2072 l
1078 2041 1166 2082 illyri
1216 2045 1234 2071 2
1262 2025 1281 2071 ᾖ
1307 2041 1458 2072 dicerent
1493 2045 1514 2072 3
1541 2042 1581 2071 de
1607 2051 1658 2072 re·

239 2100 382 2139 gessisse
409 2097 583 2129 differrent
609 2097 721 2137 (Issaei
741 2097 825 2138 My.‚
851 2097 949 2139 Gryn.
977 2098 1147 2138 Issenses)
1198 2101 1216 2128 4
1232 2099 1397 2139 quesitum
1425 2103 1458 2129 ct
1483 2099 1560 2138 quid
1584 2098 1655 2140 My.

237 2155 310 2187 Em.
339 2155 407 2187 521
457 2154 542 2194 (Ed.
581 2154 710 2187 Vascos.
746 2156 936 2195 quaesitum,
963 2156 1104 2196 ecquid)
1173 2155 1205 2192 5,
1235 2159 1253 2186 2
1281 2161 1457 2196 acceperet
1511 2159 1531 2186 3
1558 2156 1658 2197 supex'·

238 2213 280 2243 de
307 2223 340 2243 re
369 2214 500 2244 uenisse
523 2213 748 2244 hesitantibus
773 2214 807 2243 in
833 2213 1043 2254 rcbusponso
1104 2213 1136 2251 6,
1167 2217 1179 2244 l
1209 2213 1330 2253 legatis
1357 2219 1394 2244 ut
1419 2213 1475 2253 qui
1491 2213 1564 2254 My.
1579 2213 1654 2246 Em.

237 2270 306 2302 521
334 2270 454 2311 (Gr-yn.
483 2270 618 2310 legatis,
647 2277 683 2301 ut
710 2271 765 2310 qui
801 2271 893 2301 adire
919 2270 1090 2311 senatum)
1130 2274 1149 2301 3
1175 2271 1216 2300 ad
1243 2271 1337 2313 rcml
1365 2271 1439 2311 quis
1464 2271 1545 2302 socii
1573 2280 1655 2311 que·

236 2334 390 2358 rerentur
416 2334 567 2358 senatum
596 2334 813 2358 exustumare
839 2337 907 2359 non
934 2337 1039 2358 aecum
1061 2327 1132 2369 My.
1159 2327 1231 2359 Em.
1255 2327 1324 2359 521
1351 2327 1472 2370 (Gryn.
1500 2329 1556 2368 qui
1584 2337 1652 2360 soe.

237 2402 458 2436 quererentur
487 2397 576 2436 apud
603 2403 756 2427 senatum
772 2403 930 2428 exustum
945 2407 1058 2438 arege
1073 2407 1201 2437 agrum.
1218 2407 1285 2427 non
1301 2398 1450 2437 aequum)
1493 2395 1524 2435 7,
1543 2399 1561 2426 2
1589 2384 1609 2427 (ἶ
1631 2383 1654 2438 f>

235 2453 373 2484 letorius
398 2464 497 2493 supra
521 2454 636 2494 scripto
663 2464 682 2484 a
705 2461 777 2495 post
800 2455 811 2485 l
860 2459 880 2486 3
907 2464 1019 2495 regem
1043 2458 1047 2492 Ι
1071 2455 1239 2485 redierunt
1266 2454 1369 2495 legati
1404 2455 1459 2494 qui
1482 2454 1654 2486 redierunt

236 2519 401 2542 eumenen
423 2509 531 2549 (Fort.
560 2518 665 2548 crant,
685 2512 788 2550 legati
814 2513 1002 2544 redierunt:
1029 2513 1204 2544 Eumenen
1231 2518 1286 2543 cet.
1312 2512 1385 2543 Em.
1398 2512 1498 2552 522.)
1547 2516 1568 2542 4
1593 2521 1652 2543 eu-

235 2577 355 2599 menen
380 2568 629 2598 ineanthiocum
653 2569 658 2608 Ι
680 2569 885 2609 ptolemeum
908 2570 944 2601 in
967 2570 1166 2602 alexandria
1185 2568 1283 2602 Gron.
1313 2568 1404 2612 (Qsr.
1423 2569 1497 2602 Em.
1513 2568 1587 2601 522
1603 2568 1652 2610 n.)

233 2624 268 2664 8,
295 2629 314 2656 2
341 2625 400 2657 sed
426 2634 443 2656 e
469 2626 598 2666 graeciae
622 2626 689 2657 fide
