1796 2929
494 141 596 173 Liber
621 140 748 172 XL111.
799 140 862 180 (A.
892 139 971 172 chr.
1005 140 1100 180 ιω.)
1375 141 1442 176 ¹31

95 264 229 302 Livius
263 263 469 301 Salinator.
535 265 579 300 In
610 265 734 301 locum
766 263 860 299 Furi
893 264 940 299 T.
966 261 1152 299 Manlium
1184 262 1439 308 Torquatum,
1470 259 1506 296 in

96 333 183 370 Livi
214 334 268 371 M.
300 333 502 370 Servilium
538 334 735 381 pontifices
767 333 949 380 legerunt.

207 402 402 450 Principio
433 402 665 450 insequentis
699 401 788 438 anni
818 413 901 437 cum
937 400 1111 437 consules
1143 399 1232 436 novi
1266 399 1312 446 Q.
1337 398 1506 435 Marcius

1568 396 1618 441 12

97 477 134 508 et
164 470 234 509 Cn.
267 471 450 508 Servilius
482 471 528 506 de
563 471 769 519 provinciis
799 469 1045 514 rettulissent,
1076 470 1200 517 primo
1234 481 1386 517 quoque
1417 475 1509 504 tem·
1536 466 1731 498 A.u.c.585.

95 552 189 588 pore
219 548 285 576 aut
315 552 528 588 conparare
559 552 623 576 eos
668 540 766 576 inter
806 551 847 576 se
876 539 1030 576 Italiam
1066 547 1102 575 et
1132 538 1402 576 Macedoniam
1447 544 1512 573 aut

94 608 222 644 sortiri
254 608 414 656 placuit3
460 609 684 658 priusquam
715 610 753 646 id
784 621 866 645 sors
898 615 1088 653 cerneret,
1132 609 1170 645 in
1210 608 1418 651 incertum,
1462 619 1509 643 ne

97 677 188 725 quid
219 678 346 726 gratia
373 679 556 716 momenti
586 680 749 724 faceret,
797 679 834 715 in
865 686 1068 726 utramque
1099 678 1362 727 provinciam,
1406 677 1508 724 quod

94 759 155 783 res
186 747 421 785 desideraret
447 748 713 797 supplementi,
745 748 907 785 decerni.
977 748 1228 785 Decreverunt
1257 747 1294 783 in
1324 746 1509 783 Macedo-

95 817 197 853 niam
229 817 398 865 peditum
428 819 692 854 Romanorum
725 830 793 854 sex
825 818 941 861 milia,
972 818 1162 854 sociorum
1194 816 1357 853 nominis
1382 815 1509 852 Latini

95 886 155 922 VI
185 886 311 931 milia,
355 887 502 934 equites
531 888 730 924 Romanos
761 886 875 932 CCL,
915 887 1039 924 socios
1069 885 1182 923 CCC.
1249 887 1411 922 Veteres
1440 885 1509 921 mi-

94 954 178 991 lites
210 955 359 1001 dimitti,
389 956 442 993 ita
471 964 513 993 ut
542 957 578 993 in
598 957 768 1005 singulas
797 957 995 993 Romanas
1026 956 1196 1004 legiones
1226 967 1273 991 ne
1302 955 1388 1003 plus
1418 967 1511 990 sena

95 1024 200 1060 milia
229 1026 414 1073 peditum,
462 1027 605 1063 treceni
636 1027 782 1074 equites
814 1032 949 1063 essent.
1026 1025 1151 1062 Alteri
1194 1024 1341 1061 consuli
1384 1023 1509 1060 nullus

94 1100 220 1130 certus
251 1095 589 1133 finitus'numerus
628 1097 766 1133 civium
797 1097 1083 1140 Romanorum,
1130 1107 1240 1142 quem
1286 1094 1324 1130 in
1358 1093 1510 1141 supple-

95 1171 262 1200 mentum
296 1165 458 1213 legeret3
496 1166 533 1202 id
565 1166 679 1202 modo
715 1166 885 1210 finitum,
917 1171 958 1202 ut
990 1165 1086 1201 duas
1116 1165 1286 1212 legiones
1316 1164 1510 1208 scriberet,

95 1245 180 1281 quae
211 1234 326 1281 quina
344 1235 448 1272 milia
464 1237 633 1285 peditum
669 1243 705 1273 et
738 1236 906 1272 ducenos
926 1236 1125 1280 haberent,
1157 1235 1302 1282 equites
1324 1241 1510 1271 trecenos,

94 1303 321 1340 Latinorum
353 1305 478 1342 maior
508 1318 624 1354 quam
655 1306 810 1354 collegae
841 1305 1014 1342 decretus
1045 1316 1237 1349 numerus,
1268 1303 1436 1351 peditum
1469 1302 1508 1338 X

94 1372 200 1408 milia
243 1381 281 1409 et
323 1373 397 1411 DC
445 1376 602 1423 equites.
693 1375 887 1422 Quattuor
940 1381 1126 1423 praeterea
1175 1374 1344 1422 legiones
1395 1371 1510 1408 scribi

94 1441 219 1487 iussae,
251 1455 347 1491 quae,
379 1444 410 1480 si
442 1457 517 1492 quo
549 1457 645 1494 opus
677 1451 788 1489 esset,
823 1444 1084 1480 educerentur.
1132 1442 1327 1479 Tribunos
1357 1441 1403 1478 iis
1433 1454 1507 1477 non

93 1512 321 1560 permissum
353 1520 393 1549 ut
434 1515 608 1551 consules
637 1514 828 1557 facerent3
863 1513 1028 1562 populus
1067 1512 1222 1549 creavit.
1288 1511 1411 1549 Sociis
1440 1523 1509 1546 no-

94 1581 205 1617 minis
240 1582 368 1618 Latini
406 1584 510 1620 XVI
553 1584 659 1620 milia
703 1584 872 1632 peditum
917 1590 953 1618 et
993 1582 1095 1618 mille
1135 1581 1282 1630 equites
1319 1581 1510 1629 imperati.

94 1650 210 1687 Hunc
241 1651 450 1689 exercitum
481 1654 612 1702 parari
641 1659 787 1690 tantum
819 1652 988 1701 placuit,
1020 1658 1061 1688 ut
1095 1652 1235 1697 exiret,
1274 1651 1305 1687 si
1344 1663 1419 1699 quo
1450 1662 1510 1686 res

95 1728 282 1769 posceret.
354 1722 588 1760 Macedonia
618 1723 785 1760 maxime
816 1734 945 1759 curam
977 1722 1185 1770 praebebat.
1262 1721 1309 1757 In
1350 1721 1510 1758 classem

96 1790 200 1827 mille
230 1791 324 1828 socii
359 1793 518 1829 navales
556 1793 658 1829 cives
688 1793 856 1830 Romani
891 1791 1058 1828 libertini
1098 1791 1265 1835 ordinis,
1308 1803 1356 1827 ex
1398 1790 1513 1826 Italia

97 1861 283 1908 quingenti
304 1862 419 1898 scribi
448 1863 561 1908 iussi3
591 1862 748 1899 totidem
771 1869 813 1898 ut
840 1874 888 1897 ex
915 1861 1046 1898 Sicilia
1067 1861 1344 1904 scriberentur3
1376 1868 1424 1905 et,
1453 1860 1512 1895 cui

97 1941 144 1966 ea
173 1930 372 1978 provincia
415 1933 622 1977 evenisset,
667 1932 913 1975 mandatum,
962 1937 1003 1967 ut
1048 1943 1112 1967 eos
1158 1931 1196 1966 in
1227 1929 1511 1973 Macedoniam,

95 1999 326 2048 ubicumque
357 2001 488 2038 classis
520 2009 640 2047 esset,
678 2001 939 2050 deportandos
969 2006 1132 2037 curaret.
1197 2000 1244 2036 In
1278 1999 1512 2048 Hispaniam

96 2069 171 2105 tria
201 2069 306 2106 milia
335 2071 504 2119 peditum
526 2072 791 2109 Romanorum
822 2070 861 2106 in
887 2070 1206 2119 supplementum,
1238 2068 1338 2106 CCC
1366 2069 1511 2117 equites

98 2241 116 2269 5
143 2239 255 2271 iunius
280 2240 442 2271 salinator
464 2240 468 2279 Ι
491 2238 570 2270 furii
628 2239 711 2277 XII,
740 2239 772 2277 1,
802 2243 814 2270 1
845 2239 939 2270 nonii
997 2242 1016 2269 2
1043 2238 1089 2270 Η.
1114 2244 1143 2269 et
1171 2238 1268 2280 Gryn.
1297 2248 1328 2279 q.
1356 2238 1511 2269 seruilius

97 2300 117 2327 3
145 2298 318 2338 conpare!
341 2303 400 2328 ant
431 2298 668 2328 macedoniam
729 2297 761 2335 2,
794 2301 805 2328 l
836 2307 908 2327 sors
935 2304 1075 2327 cernens
1141 2299 1159 2327 2
1186 2296 1513 2337 prouinciamaquod

96 2353 129 2392 3,
159 2357 172 2384 l
202 2354 337 2385 decerni
365 2355 400 2385 in
433 2355 667 2386 macedoniam
695 2354 767 2396 My.
807 2353 1055 2394 (Interputzyunt
1079 2353 1226 2385 decerni.
1272 2353 1324 2393 ,In
1349 2353 1512 2384 Macedo·

98 2410 205 2451 niam)
260 2410 292 2450 4,
318 2415 338 2442 3
367 2421 448 2443 ·ccc·
472 2413 601 2453 equites
649 2411 682 2450 5,
714 2415 726 2442 1
756 2411 841 2442 nulli
897 2415 915 2441 2
944 2420 1008 2451 que
1033 2411 1066 2441 in
1118 2415 1137 2440 4
1164 2415 1197 2441 et
1222 2411 1431 2441 ducentenos
1480 2410 1511 2447 6,

101 2470 116 2498 l
145 2468 297 2509 peditum
322 2469 505 2499 latinorum
534 2469 631 2501 Gron.
691 2472 709 2499 2
738 2474 770 2499 et
797 2478 859 2500 .ac.
887 2469 1015 2509 equites
1066 2466 1097 2507 7,
1128 2471 1141 2498 1
1170 2468 1199 2499 is
1249 2472 1269 2498 3
1297 2468 1403 2499 millia
1425 2467 1430 2509 Ι
1451 2469 1512 2498 im-

97 2536 196 2576 periti
243 2536 276 2575 8,
306 2540 320 2568 1
349 2525 479 2568 exiretu
504 2538 531 2568 si
580 2537 612 2575 9,
642 2540 656 2567 1
685 2547 766 2568 cura
787 2539 793 2577 1
815 2538 849 2568 in
871 2536 1015 2568 classem
1040 2546 1122 2567 cura
1145 2536 1203 2566 ille
1229 2536 1313 2567 socii
1375 2540 1393 2567 2
1422 2537 1512 2567 ciues

99 2603 125 2625 r.
151 2593 300 2624 libertini
322 2594 327 2634 Ι
349 2603 391 2625 ex
415 2594 510 2625 italia
537 2594 637 2626 scribi
653 2593 779 2632 Duker,
807 2593 939 2636 Kreyss.
968 2593 1085 2636 (Gryn.
1100 2593 1256 2631 Romani,
1289 2593 1437 2624 libertini
1460 2604 1513 2625 or-

100 2650 189 2682 dinis
210 2660 253 2681 ex
276 2650 389 2691 Italia)
453 2655 473 2683 3
499 2651 701 2683 scriberetur
751 2655 768 2681 5
797 2652 901 2683 cladis
951 2650 1006 2689 10,
1036 2654 1054 2681 2
1081 2651 1326 2692 suplementum

1206 2709 1244 2741 9·

1544 512 1751 544 A.Chr.169.

1541 615 1561 649 2

1542 751 1562 786 3

1542 892 1564 925 4

1543 1446 1561 1479 «Ι

1547 2004 1593 2037 10
