1753 2934
294 140 341 174 34
856 137 1026 168 Periochae

238 268 325 307 regis
351 274 383 298 et
409 266 549 308 Sulpicii
581 266 730 297 consulis
758 267 1090 307 expugnationesque
1124 267 1257 298 urbium
1291 269 1334 298 ab
1364 274 1505 309 utroque
1536 267 1646 300 saetas

242 329 400 360 continet.
455 328 625 368 Sulpicius
661 327 779 359 consul
812 328 937 359 bellum
971 329 1110 366 gerebat
1146 329 1382 360 adiuvantibus
1413 339 1490 370 rege
1523 330 1644 361 Attalo

238 396 270 421 et
295 389 448 421 Rhodiis.
499 389 734 430 Triumphavit
759 389 799 420 de
826 388 932 420 Gallis
957 389 995 420 L.
1023 390 1144 421 Furius
1168 397 1299 430 praetor.

764 494 827 526 EX
847 496 934 527 LIB.
964 494 1114 527 XXXII.

335 569 520 612 Complura
544 571 698 612 prodigia
722 581 763 601 ex
783 572 922 602 diversis
948 572 1141 611 regionibus
1160 572 1314 602 nuntiata
1333 573 1532 614 reseruntur,
1558 575 1646 606 inter

236 642 309 673 quae
330 633 363 663 in
378 632 580 664 Macedonia
599 633 630 662 in
650 642 759 673 puppe
778 633 887 671 longae
906 633 1000 663 navis
1015 633 1164 664 lauream
1183 643 1253 664 esse
1279 640 1405 665 natam.
1457 635 1497 666 T.
1518 634 1644 673 Quinc-

236 694 300 725 tius
325 694 536 725 Flamininus
563 704 631 725 cos.
661 694 820 724 adversus
840 694 1034 735 Philippum
1074 694 1218 725 feliciter
1242 696 1405 735 pugnavit
1431 696 1463 726 in
1490 696 1644 728 saucibus

236 755 342 797 Epiri,
372 755 594 796 fugatumque
613 756 725 796 coegit
750 755 783 785 in
810 765 949 795 regnum
978 756 1106 786 reverti.
1156 756 1232 797 Ipse
1249 756 1474 794 Thessaliam,
1501 765 1574 797 quae
1596 763 1645 788 est

236 816 348 846 vicina
372 816 596 854 Macedoniae,
625 817 725 848 sociis
749 816 874 848 AEtolis
901 823 933 848 et
957 817 1208 849 Athamanibus
1233 817 1376 856 vexavit,
1402 818 1440 849 L.
1467 817 1643 855 Quinctius

236 876 448 909 Flamininus
475 877 578 909 frater
604 879 753 910 consulis
788 878 898 909 navali
931 878 1030 916 bello,
1070 879 1184 910 Attalo
1220 889 1297 919 rege.
1324 888 1357 910 ct
1382 879 1522 911 Rhodiis
1547 881 1641 911 adiu-

236 939 404 976 vantibus,
442 940 606 970 Euboeam
633 946 665 970 et
690 940 892 971 maritimam
921 950 1025 971 oram.
1086 941 1202 972 Achaei
1237 942 1271 972 in
1309 941 1493 972 amicitiam
1520 943 1643 983 recepti

236 1005 323 1031 sunt.
374 1000 560 1032 Praetorum
588 1011 746 1033 uumerus
764 1003 943 1043 ampliatus
962 1010 1020 1032 est.
1048 1009 1083 1032 ut
1104 1003 1173 1032 seni
1194 1010 1396 1034 crearentur.
1447 1001 1642 1036 Coniuratio

236 1071 405 1092 servorum
432 1061 522 1093 saeta
549 1064 589 1093 de
617 1063 789 1094 solvendis
816 1062 1146 1102 Carthaginiensium
1190 1064 1364 1094 obsidibus
1397 1074 1556 1105 oppressa
1581 1071 1643 1104 est,

233 1123 300 1154 duo
325 1124 434 1154 millia
458 1124 490 1154 D
517 1125 639 1156 necati.
693 1125 871 1156 Cornelius
901 1124 1068 1164 Cethegus
1095 1135 1162 1156 cos.
1193 1125 1308 1156 Gallos
1336 1125 1494 1157 Insubres
1523 1127 1642 1168 proelio

232 1184 326 1216 fudit.
382 1185 466 1216 Cum
493 1186 761 1218 Lacedaemoniis
797 1194 827 1218 et
864 1193 1006 1227 tyranno
1039 1196 1152 1217 eorum
1179 1186 1311 1217 Nabide
1347 1188 1496 1219 amicitia
1527 1189 1643 1220 iuncta

235 1254 294 1278 est.
346 1246 513 1278 Praeterea
541 1249 810 1289 expugnationes
838 1248 968 1279 urbium
994 1248 1028 1278 in
1053 1248 1257 1279 Macedonia
1282 1248 1481 1280 referuntur.

749 1354 812 1386 EX
838 1355 926 1386 LIB.
953 1354 1119 1385 XXXIII.

309 1429 365 1476 [Γ.
395 1427 571 1466 Quinctius
596 1431 809 1462 Flamininus
841 1442 969 1472 procos.
1008 1441 1081 1461 cum
1107 1431 1265 1473 Philippo
1296 1433 1337 1462 ad
1367 1431 1639 1475 Cynoscephalas

230 1492 264 1521 in
280 1490 459 1522 Thessalia
485 1493 557 1522 acie
583 1493 673 1523 victo
699 1493 888 1525 debellavit.
941 1494 978 1524 L.
997 1492 1174 1531 Quinctius
1188 1493 1397 1525 Flamininus
1414 1494 1512 1536 [ille]‚
1539 1495 1641 1527 frater

230 1562 374 1594 procos„
399 1554 608 1591 Acarnanas,
635 1553 792 1585 Leucade
818 1554 912 1595 urbe,
946 1555 1034 1594 quod
1063 1560 1164 1595 caput
1190 1560 1240 1586 est
1253 1555 1486 1598 Acarnanum,
1513 1566 1641 1598 expug-

229 1620 319 1652 nata,
357 1615 390 1645 in
430 1615 635 1646 deditionem
673 1617 812 1657 accepit.
873 1616 947 1646 Pax
972 1616 1098 1657 petenti
1125 1616 1291 1657 Philippo,
1329 1616 1461 1649 Graecia
1486 1618 1639 1657 liberata,

230 1677 310 1707 data
352 1683 411 1708 est.
479 1677 617 1708 Attalus
657 1678 698 1708 ab
737 1676 864 1708 Thebis
902 1678 944 1709 ob
989 1677 1134 1709 subitam
1173 1678 1398 1710 valetudinem
1435 1679 1639 1720 Pergamum

230 1738 411 1769 translatus
451 1738 603 1769 decessit.
669 1738 704 1770 C.
742 1739 959 1780 Sempronius
995 1739 1184 1770 Tuditanus
1225 1747 1347 1781 praetor
1383 1740 1424 1771 ab
1463 1739 1639 1772 Celtiberis
1687 1755 1690 1758 ·

230 1810 306 1831 cum
341 1800 490 1831 exercitu
529 1809 636 1831 caesus
667 1806 726 1831 est.
778 1801 816 1832 L.
845 1800 967 1831 Furius
992 1800 1159 1841 Purpurio
1183 1808 1230 1832 -et
1264 1801 1426 1834 Claudius
1460 1802 1640 1834 Marcellus

230 1872 318 1893 coss.
355 1862 459 1893 Boios
496 1867 529 1892 et
561 1861 722 1893 Insubres
755 1860 873 1893 Gallos
911 1848 1126 1902 subegerunt.
1189 1863 1371 1894 Marcellus
1410 1864 1638 1905 triumphavit.

229 1923 402 1955 Hannibal
435 1922 558 1954 frustra
597 1924 630 1954 in
663 1922 781 1955 Africa
816 1924 942 1954 bellum
975 1924 1111 1955 molitus
1147 1930 1180 1955 et
1215 1925 1258 1955 ob
1292 1925 1356 1956 hoc
1388 1926 1550 1957 Romanis
1582 1935 1641 1967 per

230 1986 390 2026 epistolas
417 1985 456 2015 ab
482 1985 630 2015 adversae
662 1984 817 2016 factionis
850 1986 1057 2026 principibus
1091 1986 1222 2017 delatus
1255 1992 1390 2027 propter
1422 1994 1544 2018 metum
1571 1988 1639 2019 Ro-

231 2056 424 2083 manorum,
455 2046 512 2085 qui
546 2046 678 2085 legatos
712 2047 754 2077 ad
784 2054 935 2078 senatum
964 2045 1293 2087 Carthaginiensium
1331 2050 1371 2079 de
1399 2058 1438 2080 eo
1466 2049 1639 2089 miserant,

229 2107 393 2148 profugus
432 2109 474 2137 ad
516 2107 721 2138 Antiochum
757 2107 860 2149 Syriae
905 2118 1018 2148 regem
1060 2118 1095 2139 se
1133 2109 1273 2140 contulit
1316 2109 1440 2142 bellum
1479 2112 1639 2143 adversus

228 2169 402 2200 Romanos
428 2175 613 2211 parantem.

746 2276 809 2307 EX
836 2276 923 2308 LIB.
951 2277 1116 2309 XXXIV.

323 2353 395 2384 Lex
429 2352 556 2394 Oppia,
593 2363 690 2393 quam
728 2353 764 2384 C.
801 2352 930 2394 Oppius
967 2361 1006 2385 tr.
1042 2354 1088 2396 pl.
1122 2355 1212 2386 bello
1245 2355 1375 2386 Punico
1408 2356 1448 2386 de
1484 2355 1639 2387 finiendis

231 2421 459 2446 matronarum
494 2415 640 2446 cultibus
675 2415 815 2455 tulerat,
860 2425 934 2446 cum
973 2425 1096 2455 magna
1128 2417 1343 2447 contentione
1381 2418 1545 2457 abrogata
1579 2422 1638 2453 est.

230 2485 333 2515 quum
360 2477 501 2508 Porcius
528 2475 614 2507 Cato
641 2484 758 2507 auctor
782 2476 912 2517 suisset,
939 2486 981 2507 ne
1007 2487 1045 2508 ea
1072 2478 1126 2508 lex
1151 2478 1350 2509 aboleretur.
1401 2479 1434 2510 Is
1461 2479 1494 2509 in
1515 2479 1638 2519 Hispa-

229 2538 319 2568 niam
346 2537 514 2578 profectus
548 2538 656 2576 bello,
693 2539 781 2579 quod
809 2540 976 2580 Emporiis
1003 2550 1097 2571 orsus
1124 2547 1190 2579 est,
1226 2541 1413 2571 citeriorem
1441 2540 1637 2582 Hispaniam

229 2600 373 2640 pacavit.
433 2599 473 2630 T.
502 2599 682 2638 Quinctius
707 2601 916 2632 Flamininus
949 2601 1075 2633 bellum
1109 2604 1267 2634 adversus
1295 2603 1569 2635 Lacedaemonios
1607 2609 1639 2634 et

229 2667 408 2701 tyrannum
436 2670 550 2692 eorum
571 2661 738 2693 Nabidem
764 2658 922 2703 prospere
943 2670 1085 2703 gestum,
1114 2665 1193 2694 data
1219 2664 1259 2695 iis
1284 2674 1380 2705 pace,
1407 2665 1539 2704 qualem
1567 2666 1638 2706 ipse
