1742 2902
163 250 209 296 ll

330 137 380 172 48
692 135 794 167 Liber
817 131 928 166 XLII.
982 135 1041 176 (A.
1061 145 1093 166 u.
1116 143 1143 165 c.
1167 132 1260 172 582.)

384 256 571 299 Attalum,
602 255 701 303 regis
733 255 915 292 Eumenis
945 256 1115 299 fratrem,
1145 255 1312 302 legatum
1343 253 1493 289 venisse
1516 253 1681 289 Romam

271 325 450 361 Valerius
472 324 612 360 Antias
642 325 700 361 his
731 325 950 362 consulibus
980 325 1108 362 scribit
1140 324 1189 360 ad
1223 322 1430 360 deferenda
1459 321 1506 358 de
1537 323 1681 359 Perseo

271 394 428 430 crimina
467 393 770 442 indicandosque
811 402 1021 444 apparatus
1059 394 1168 437 belli;
1217 392 1382 442 plurium
1421 391 1596 434 annales,
1647 397 1683 427 et

271 463 409 510 quibus
453 463 658 500 credidisse
702 464 832 509 malis,
884 465 1009 512 ipsum
1052 464 1262 500 Eumenem
1313 461 1463 498 venisse
1515 461 1682 497 tradunt.
1715 457 1722 463 ”

272 532 463 568 Eumenes
493 532 619 580 igitur,
651 539 690 569 ut
721 534 884 570 Romam
915 534 1031 578 venit,
1061 539 1241 581 exceptus
1272 544 1356 568 cum
1388 537 1495 567 tanto
1525 530 1683 575 honore,

271 606 454 649 quantum
488 614 562 638 non
597 602 740 638 meritis
774 608 920 638 tantum
952 602 1052 647 eius,
1095 602 1162 638 sed
1202 600 1395 638 beneficiis
1433 600 1546 636 etiam
1593 599 1683 644 suis,

269 670 439 719 ingentia
470 683 554 719 quae
583 671 620 707 in
653 684 737 707 eum
783 678 966 720 congesta
997 678 1126 715 erant,
1172 670 1444 707 existimabant
1473 669 1615 713 deberi,
1661 681 1683 705 a

271 746 434 788 praetore
480 741 517 776 in
555 748 727 777 senatum
767 747 824 777 est
862 741 1113 778 introductus.
1191 738 1358 777 Causam
1399 738 1574 775 veniendi
1611 738 1684 775 sibi

269 810 434 846 Romam
466 809 584 846 fuisse
615 810 722 853 dixit,
753 817 891 859 praeter
921 811 1165 859 cupiditatem
1196 809 1350 846 videndi
1367 809 1460 845 deos
1489 808 1684 845 homines-

270 891 362 927 que,
409 891 570 927 quorum
603 880 786 916 beneficio
826 881 863 916 in
904 893 949 917 ea
983 880 1139 917 fortuna
1170 884 1286 917 esset.
1331 890 1448 927 supra
1484 890 1599 925 quam
1637 890 1685 914 ne

269 955 405 997 optare
437 950 588 997 quidem
620 950 789 993 auderet,
821 950 933 986 etiam
966 957 1006 986 ut
1036 962 1166 986 coram
1198 955 1369 986 moneret
1397 954 1595 992 senatum,
1644 953 1685 983 ut

270 1018 403 1054 Persei
434 1019 580 1055 conatis
612 1019 765 1055 obviam
804 1019 886 1057 iret.
960 1019 1082 1056 Orsus
1120 1019 1207 1055 inde
1246 1031 1269 1055 a
1298 1017 1468 1066 Philippi
1505 1016 1684 1061 consiliis,

269 1099 398 1124 necem
430 1088 604 1124 Demetri
645 1088 711 1125 filii
750 1089 912 1134 rettulit,
961 1089 1201 1124 adversantis
1232 1089 1410 1125 Romano
1441 1086 1562 1129 bello,
1606 1087 1683 1122 Ba-

268 1163 485 1193 starnarum
514 1164 666 1206 gentem
698 1159 861 1196 excitam
892 1158 1046 1195 sedibus
1066 1158 1156 1203 suis,
1189 1169 1349 1205 quorum
1382 1156 1534 1192 auxiliis
1564 1155 1684 1192 fretus

268 1226 305 1262 in
336 1226 489 1263 Italiam
522 1228 712 1264 transiret.
779 1229 874 1264 Haec
904 1240 988 1264 eum
1023 1228 1259 1264 volutantem
1290 1227 1328 1262 in
1354 1225 1495 1266 animo,
1527 1236 1684 1274 oppres-

267 1307 350 1332 sum
382 1295 483 1341 fato,
513 1309 672 1344 regnum
705 1297 738 1333 ei
771 1297 990 1345 reliquisse,
1022 1310 1133 1345 quem
1166 1295 1454 1332 infestissimum
1486 1306 1568 1330 esse
1599 1305 1683 1330 sen-

268 1364 379 1401 sisset
408 1366 607 1404 Romanis.
672 1367 810 1415 Itaque
841 1367 986 1403 Persea
1015 1366 1286 1402 hereditarium
1317 1378 1341 1400 α
1373 1370 1483 1413 patre
1512 1363 1682 1401 relictum

267 1434 406 1470 bellum
439 1441 476 1471 et
505 1435 617 1471 simul
649 1448 733 1472 cum
769 1436 930 1484 imperio
969 1436 1151 1472 traditum
1181 1435 1337 1471 iamiam
1379 1434 1545 1482 primum
1584 1433 1685 1469 alere

229 1504 234 1512 '
270 1516 315 1540 ae
345 1503 477 1540 fovere
507 1505 683 1542 omnibus
715 1506 893 1542 consiliis.
940 1505 1099 1542 Florere
1115 1511 1300 1553 praeterea
1330 1504 1536 1547 iuventute,
1569 1514 1684 1550 quam

268 1573 422 1621 stirpem
454 1574 570 1622 longa
601 1587 678 1622 pax
705 1575 885 1620 ediderit,
915 1576 1050 1611 florere
1082 1575 1218 1623 opibus
1249 1573 1368 1621 regni,
1398 1574 1534 1609 florere
1565 1572 1677 1618 ctiam

267 1649 399 1687 aetate3
441 1655 524 1691 quae
567 1656 651 1680 cum
689 1645 861 1693 corporis
904 1645 1043 1681 robore
1073 1644 1292 1684 acviribus
1323 1643 1472 1691 vigeat,
1513 1641 1681 1678 animum

268 1724 350 1749 esse
379 1713 631 1750 inveteratum
677 1714 823 1751 diutina
853 1721 935 1750 arte
965 1714 1091 1762 adque
1131 1726 1200 1750 usu
1239 1713 1339 1750 belli.
1411 1712 1496 1748 Iam
1534 1711 1622 1747 inde
1659 1723 1682 1746 a

267 1794 386 1830 puero
416 1783 535 1830 patris
566 1784 817 1820 contubernio
859 1783 1046 1821 Romanis
1076 1795 1229 1831 quoque
1273 1781 1399 1826 bellis,
1450 1793 1526 1818 non
1556 1780 1682 1816 finitu-

267 1851 338 1887 mis
368 1858 528 1898 tantum,
559 1853 780 1898 adsuetum3
811 1854 967 1890 missum
1000 1866 1022 1889 a
1051 1859 1161 1901 patre
1190 1853 1228 1888 in
1259 1851 1520 1900 expeditiones
1542 1849 1681 1886 multas

267 1921 484 1969 variasque.
547 1923 631 1958 Iam
663 1935 710 1959 ex
741 1935 816 1971 quo
846 1923 928 1971 ipse
959 1923 1167 1971 accepisset
1197 1933 1378 1970 regnum,
1414 1919 1555 1964 multa,
1597 1930 1681 1967 quae

267 2003 343 2027 non
373 1991 423 2035 vi,
454 2003 530 2027 non
563 1991 651 2028 dolo
682 1993 905 2041 Philippus,
937 1993 1066 2029 onmia
1096 1998 1295 2040 expertuS,
1325 1990 1513 2039 potuisset
1543 1988 1680 2032 moliri,

267 2060 494 2097 admirando
524 2074 650 2097 rerum
680 2073 857 2099 successu
888 2062 1065 2099 tenuisse.
1114 2061 1341 2098 Adcessisse
1371 2059 1419 2095 ad
1449 2058 1550 2095 vires
1580 2070 1679 2102 eam,

266 2215 329 2252 XI,
363 2219 390 2252 l,
422 2219 434 2246 l
471 2217 593 2247 uidisse
627 2226 754 2247 romum
814 2220 832 2246 2
868 2217 909 2247 de
941 2225 1088 2257 persona
1151 2214 1184 2251 2,
1211 2217 1229 2244 2
1265 2214 1336 2244 eius
1374 2218 1406 2243 ct
1433 2211 1603 2243 beneficiis
1658 2215 1677 2242 3

266 2283 449 2322 ingentinq.
478 2284 510 2313 in
537 2293 612 2314 curn
633 2287 636 2327 1
658 2285 854 2315 existimant
879 2284 991 2315 deberi
1017 2271 1065 2324 pr.
1094 2283 1129 2313 in
1153 2287 1304 2314 senatum
1324 2280 1395 2322 My.
1417 2279 1533 2322 (Gryn.
1562 2279 1678 2311 existi·
1732 2316 1733 2320 Ἰ

265 2346 373 2371 maret
388 2340 498 2370 deberi
516 2352 546 2381 p.
560 2342 612 2379 R„
628 2342 661 2373 in
679 2343 848 2379 senatum)
873 2341 906 2378 3,
919 2345 937 2371 2
953 2339 1050 2381 Gryn.
1064 2340 1190 2371 visendi
1209 2339 1360 2380 (uiuendi
1374 2337 1438 2377 H.)
1457 2334 1676 2377 3quorum1'q.

265 2398 431 2428 beneflcio
480 2401 499 2427 4
527 2403 562 2428 ut
588 2403 904 2430 coronammonerct
967 2397 999 2435 4,
1030 2397 1208 2438 lphilippi
1243 2395 1392 2427 consulis
1431 2395 1594 2425 2romani
1643 2393 1676 2431 5,
1732 2399 1734 2402 '

269 2458 281 2485 1
311 2455 381 2485 haec
408 2464 482 2485 cum
518 2454 726 2486 uoluntatem
758 2458 763 2495 Ι
793 2456 1059 2495 animopressum
1124 2457 1142 2484 3
1178 2464 1236 2484 om.
1270 2462 1290 2483 a
1350 2456 1369 2482 4
1408 2450 1508 2482 Verba
1541 2450 1677 2482 iamiam

263 2516 408 2557 primum
445 2513 549 2544 mendi
571 2519 715 2553 suspecta
741 2512 830 2552 (Em.
858 2512 927 2543 513
952 2512 1010 2552 n.).
1065 2509 1228 2542 Kochius:
1260 2510 1326 2540 iam
1351 2508 1492 2549 pridem.
1554 2506 1675 2538 Vahlen

264 2574 331 2603 inm
350 2581 474 2603 annum
500 2571 680 2612 septimum
708 2572 799 2607 (ann.
827 2570 893 2600 iam
909 2575 991 2610 sept.
1019 2567 1142 2608 malim)
1192 2567 1224 2605 6,
1244 2571 1257 2597 1
1287 2566 1461 2597 iubentute
1503 2564 1534 2602 7,
1564 2568 1582 2595 2
1608 2572 1677 2595 non

264 2630 299 2660 in
325 2630 486 2660 finitumis
534 2628 566 2665 8,
594 2631 612 2658 2
639 2627 808 2668 philippos
858 2630 877 2657 3
905 2635 1100 2657 successum
