<?xml version="1.0" encoding="UTF-8"?>
<!DOCTYPE html PUBLIC "-//W3C//DTD XHTML 1.0 Transitional//EN"
    "http://www.w3.org/TR/xhtml1/DTD/xhtml1-transitional.dtd">
<html xmlns="http://www.w3.org/1999/xhtml" xml:lang="en" lang="en">
 <head>
  <title>
</title>
<meta http-equiv="Content-Type" content="text/html;charset=utf-8" />
  <meta name='ocr-system' content='tesseract 3.04.00' />
  <meta name='ocr-capabilities' content='ocr_page ocr_carea ocr_par ocr_line ocrx_word'/>
</head>
<body>
  <div class='ocr_page' id='page_1' title='image "./p1historiarumrom04livyuoft_0146.png"; bbox 0 0 1742 2902; ppageno 0'>
   <div class='ocr_carea' id='block_1_1' title="bbox 193 267 237 302">
    <p class='ocr_par' dir='ltr' id='par_1_1' title="bbox 193 267 237 302">
     <span class='ocr_line' id='line_1_1' title="bbox 193 267 237 302; baseline 0 0"><span class='ocrx_word' id='word_1_1' title='bbox 193 267 237 302; x_wconf 88' lang='lat'>10</span> 
     </span>
    </p>
   </div>
   <div class='ocr_carea' id='block_1_2' title="bbox 161 468 212 513">
    <p class='ocr_par' dir='ltr' id='par_1_2' title="bbox 161 468 212 513">
     <span class='ocr_line' id='line_1_2' title="bbox 161 468 212 513; baseline -0.02 0"><span class='ocrx_word' id='word_1_2' title='bbox 161 468 212 513; x_wconf 87' lang='grc'>67</span> 
     </span>
    </p>
   </div>
   <div class='ocr_carea' id='block_1_3' title="bbox 330 137 1264 181">
    <p class='ocr_par' dir='ltr' id='par_1_3' title="bbox 330 137 1264 181">
     <span class='ocr_line' id='line_1_3' title="bbox 330 137 1264 181; baseline -0.002 -10"><span class='ocrx_word' id='word_1_3' title='bbox 330 147 404 181; x_wconf 80' lang='lat'>116</span> <span class='ocrx_word' id='word_1_4' title='bbox 686 140 788 171; x_wconf 82' lang='lat' dir='ltr'>Liber</span> <span class='ocrx_word' id='word_1_5' title='bbox 811 138 922 170; x_wconf 90' lang='lat' dir='ltr'>XLII.</span> <span class='ocrx_word' id='word_1_6' title='bbox 964 139 1024 179; x_wconf 90' lang='lat' dir='ltr'>(A.</span> <span class='ocrx_word' id='word_1_7' title='bbox 1053 148 1084 170; x_wconf 91' lang='lat' dir='ltr'>u.</span> <span class='ocrx_word' id='word_1_8' title='bbox 1112 148 1140 170; x_wconf 86' lang='lat' dir='ltr'>c.</span> <span class='ocrx_word' id='word_1_9' title='bbox 1170 137 1264 177; x_wconf 88' lang='grc'>583.)</span> 
     </span>
    </p>
   </div>
   <div class='ocr_carea' id='block_1_4' title="bbox 268 259 1687 1975">
    <p class='ocr_par' dir='ltr' id='par_1_4' title="bbox 269 259 1677 449">
     <span class='ocr_line' id='line_1_4' title="bbox 269 259 1676 313; baseline -0.001 -13"><span class='ocrx_word' id='word_1_10' title='bbox 269 265 378 313; x_wconf 81' lang='lat' dir='ltr'>signa</span> <span class='ocrx_word' id='word_1_11' title='bbox 408 263 586 300; x_wconf 84' lang='lat' dir='ltr'>militaria</span> <span class='ocrx_word' id='word_1_12' title='bbox 613 268 726 310; x_wconf 82' lang='lat' dir='ltr'>capta</span> <span class='ocrx_word' id='word_1_13' title='bbox 750 261 883 310; x_wconf 81' lang='lat' dir='ltr'>viginti</span> <span class='ocrx_word' id='word_1_14' title='bbox 909 267 1066 309; x_wconf 83' lang='lat' dir='ltr'>septem.</span> <span class='ocrx_word' id='word_1_15' title='bbox 1111 261 1194 298; x_wconf 89' lang='lat' dir='ltr'>Nec</span> <span class='ocrx_word' id='word_1_16' title='bbox 1217 260 1454 297; x_wconf 85' lang='lat' dir='ltr'>incruentam</span> <span class='ocrx_word' id='word_1_17' title='bbox 1477 259 1676 298; x_wconf 82' lang='lat' dir='ltr'>victoriam</span> 
     </span>
     <span class='ocr_line' id='line_1_5' title="bbox 270 328 1677 380; baseline -0.003 -10"><span class='ocrx_word' id='word_1_18' title='bbox 270 334 408 377; x_wconf 76' lang='lat' dir='ltr'>fuisse3</span> <span class='ocrx_word' id='word_1_19' title='bbox 452 344 569 380; x_wconf 83' lang='lat' dir='ltr'>supra</span> <span class='ocrx_word' id='word_1_20' title='bbox 600 338 781 378; x_wconf 83' lang='lat' dir='ltr'>quattuor</span> <span class='ocrx_word' id='word_1_21' title='bbox 811 331 915 367; x_wconf 84' lang='lat' dir='ltr'>milia</span> <span class='ocrx_word' id='word_1_22' title='bbox 953 337 990 367; x_wconf 85' lang='lat' dir='ltr'>et</span> <span class='ocrx_word' id='word_1_23' title='bbox 1018 336 1206 366; x_wconf 84' lang='lat' dir='ltr'>trecentos</span> <span class='ocrx_word' id='word_1_24' title='bbox 1237 330 1283 366; x_wconf 91' lang='lat' dir='ltr'>de</span> <span class='ocrx_word' id='word_1_25' title='bbox 1314 328 1482 366; x_wconf 83' lang='lat' dir='ltr'>exercitu</span> <span class='ocrx_word' id='word_1_26' title='bbox 1513 328 1677 366; x_wconf 80' lang='lat' dir='ltr'>consulis</span> 
     </span>
     <span class='ocr_line' id='line_1_6' title="bbox 270 399 1279 449; baseline -0.004 -10"><span class='ocrx_word' id='word_1_27' title='bbox 270 402 467 445; x_wconf 84' lang='lat' dir='ltr'>cecidisse3</span> <span class='ocrx_word' id='word_1_28' title='bbox 497 401 607 449; x_wconf 85' lang='lat' dir='ltr'>signa</span> <span class='ocrx_word' id='word_1_29' title='bbox 636 401 796 436; x_wconf 86' lang='lat' dir='ltr'>sinistrae</span> <span class='ocrx_word' id='word_1_30' title='bbox 830 401 899 436; x_wconf 84' lang='lat' dir='ltr'>alae</span> <span class='ocrx_word' id='word_1_31' title='bbox 930 401 1096 448; x_wconf 90' lang='lat' dir='ltr'>quinque</span> <span class='ocrx_word' id='word_1_32' title='bbox 1126 399 1279 435; x_wconf 83' lang='lat' dir='ltr'>amissa.</span> 
     </span>
    </p>

    <p class='ocr_par' dir='ltr' id='par_1_5' title="bbox 268 467 1687 1975">
     <span class='ocr_line' id='line_1_7' title="bbox 379 467 1678 515; baseline -0.002 -10"><span class='ocrx_word' id='word_1_33' title='bbox 379 471 455 506; x_wconf 88' lang='lat' dir='ltr'>Hie</span> <span class='ocrx_word' id='word_1_34' title='bbox 494 470 574 506; x_wconf 85' lang='lat' dir='ltr'>dies</span> <span class='ocrx_word' id='word_1_35' title='bbox 616 475 653 505; x_wconf 86' lang='lat' dir='ltr'>et</span> <span class='ocrx_word' id='word_1_36' title='bbox 681 470 867 506; x_wconf 88' lang='lat' dir='ltr'>Romanis</span> <span class='ocrx_word' id='word_1_37' title='bbox 909 469 1041 506; x_wconf 82' lang='lat' dir='ltr'><strong>refecit</strong></span> <span class='ocrx_word' id='word_1_38' title='bbox 1079 469 1227 505; x_wconf 83' lang='lat' dir='ltr'>animos</span> <span class='ocrx_word' id='word_1_39' title='bbox 1268 474 1304 505; x_wconf 86' lang='lat' dir='ltr'>et</span> <span class='ocrx_word' id='word_1_40' title='bbox 1332 469 1479 505; x_wconf 78' lang='lat' dir='ltr'>Persea</span> <span class='ocrx_word' id='word_1_41' title='bbox 1506 467 1678 515; x_wconf 85' lang='lat' dir='ltr'>perculit,</span> 
     </span>
     <span class='ocr_line' id='line_1_8' title="bbox 269 537 1679 588; baseline -0.002 -10"><span class='ocrx_word' id='word_1_42' title='bbox 269 546 327 585; x_wconf 88' lang='lat' dir='ltr'>ut,</span> <span class='ocrx_word' id='word_1_43' title='bbox 374 540 454 575; x_wconf 92' lang='lat' dir='ltr'>dies</span> <span class='ocrx_word' id='word_1_44' title='bbox 491 550 635 587; x_wconf 85' lang='lat' dir='ltr'>paucos</span> <span class='ocrx_word' id='word_1_45' title='bbox 675 539 725 574; x_wconf 88' lang='lat' dir='ltr'>ad</span> <span class='ocrx_word' id='word_1_46' title='bbox 764 539 981 588; x_wconf 82' lang='lat' dir='ltr'>Mopselum</span> <span class='ocrx_word' id='word_1_47' title='bbox 1026 545 1210 582; x_wconf 86' lang='lat' dir='ltr'>moratus,</span> <span class='ocrx_word' id='word_1_48' title='bbox 1255 537 1458 586; x_wconf 89' lang='lat' dir='ltr'>sepulturae</span> <span class='ocrx_word' id='word_1_49' title='bbox 1500 549 1679 575; x_wconf 80' lang='lat' dir='ltr'>maxume</span> 
     </span>
     <span class='ocr_line' id='line_1_9' title="bbox 269 605 1683 656; baseline -0.002 -10"><span class='ocrx_word' id='word_1_50' title='bbox 269 610 430 646; x_wconf 90' lang='lat' dir='ltr'>militum</span> <span class='ocrx_word' id='word_1_51' title='bbox 473 608 701 644; x_wconf 86' lang='lat' dir='ltr'>amissorum</span> <span class='ocrx_word' id='word_1_52' title='bbox 747 621 858 653; x_wconf 86' lang='lat' dir='ltr'>eura,</span> <span class='ocrx_word' id='word_1_53' title='bbox 902 608 1078 656; x_wconf 83' lang='lat' dir='ltr'>praesidio</span> <span class='ocrx_word' id='word_1_54' title='bbox 1121 607 1213 643; x_wconf 85' lang='lat' dir='ltr'>satis</span> <span class='ocrx_word' id='word_1_55' title='bbox 1254 606 1384 642; x_wconf 75' lang='lat' dir='ltr'>valido</span> <span class='ocrx_word' id='word_1_56' title='bbox 1416 605 1465 641; x_wconf 86' lang='lat' dir='ltr'>ad</span> <span class='ocrx_word' id='word_1_57' title='bbox 1496 605 1683 649; x_wconf 73' lang='lat' dir='ltr'>Gonnum¹</span> 
     </span>
     <span class='ocr_line' id='line_1_10' title="bbox 269 675 1679 725; baseline -0.002 -10"><span class='ocrx_word' id='word_1_58' title='bbox 269 679 414 722; x_wconf 86' lang='lat' dir='ltr'>relicto,</span> <span class='ocrx_word' id='word_1_59' title='bbox 443 678 482 714; x_wconf 89' lang='lat' dir='ltr'>in</span> <span class='ocrx_word' id='word_1_60' title='bbox 511 677 779 713; x_wconf 82' lang='lat' dir='ltr'>Macedoniam</span> <span class='ocrx_word' id='word_1_61' title='bbox 808 677 994 725; x_wconf 84' lang='lat' dir='ltr'>reciperet</span> <span class='ocrx_word' id='word_1_62' title='bbox 1024 676 1167 724; x_wconf 87' lang='lat' dir='ltr'>copias.</span> <span class='ocrx_word' id='word_1_63' title='bbox 1214 676 1460 711; x_wconf 77' lang='lat' dir='ltr'>Timotheum</span> <span class='ocrx_word' id='word_1_64' title='bbox 1489 675 1679 723; x_wconf 80' lang='lat' dir='ltr'>quendam</span> 
     </span>
     <span class='ocr_line' id='line_1_11' title="bbox 270 744 1687 795; baseline -0.002 -12"><span class='ocrx_word' id='word_1_65' title='bbox 270 761 318 784; x_wconf 87' lang='lat' dir='ltr'>ex</span> <span class='ocrx_word' id='word_1_66' title='bbox 356 747 470 795; x_wconf 83' lang='lat' dir='ltr'>regiis</span> <span class='ocrx_word' id='word_1_67' title='bbox 507 746 695 794; x_wconf 82' lang='lat' dir='ltr'>praefeetis</span> <span class='ocrx_word' id='word_1_68' title='bbox 739 759 823 783; x_wconf 87' lang='lat' dir='ltr'>eum</span> <span class='ocrx_word' id='word_1_69' title='bbox 863 746 1014 782; x_wconf 85' lang='lat' dir='ltr'>modica</span> <span class='ocrx_word' id='word_1_70' title='bbox 1051 757 1166 781; x_wconf 86' lang='lat' dir='ltr'>manu</span> <span class='ocrx_word' id='word_1_71' title='bbox 1203 744 1380 792; x_wconf 87' lang='lat' dir='ltr'>relinquit</span> <span class='ocrx_word' id='word_1_72' title='bbox 1427 745 1476 780; x_wconf 87' lang='lat' dir='ltr'>ad</span> <span class='ocrx_word' id='word_1_73' title='bbox 1515 744 1687 791; x_wconf 76' lang='lat' dir='ltr'>Philam,</span> 
     </span>
     <span class='ocr_line' id='line_1_12' title="bbox 269 813 1680 864; baseline -0.003 -11"><span class='ocrx_word' id='word_1_74' title='bbox 269 817 413 853; x_wconf 89' lang='lat' dir='ltr'>iussum</span> <span class='ocrx_word' id='word_1_75' title='bbox 443 816 646 863; x_wconf 81' lang='lat' dir='ltr'>Magnetas</span> <span class='ocrx_word' id='word_1_76' title='bbox 678 829 725 852; x_wconf 86' lang='lat' dir='ltr'>ex</span> <span class='ocrx_word' id='word_1_77' title='bbox 755 816 971 864; x_wconf 90' lang='lat' dir='ltr'>propinquo</span> <span class='ocrx_word' id='word_1_78' title='bbox 1002 821 1201 862; x_wconf 85' lang='lat' dir='ltr'>temptare.</span> <span class='ocrx_word' id='word_1_79' title='bbox 1249 813 1345 850; x_wconf 90' lang='lat' dir='ltr'>Cum</span> <span class='ocrx_word' id='word_1_80' title='bbox 1377 813 1525 850; x_wconf 82' lang='lat' dir='ltr'>Pellam</span> <span class='ocrx_word' id='word_1_81' title='bbox 1555 814 1680 850; x_wconf 87' lang='lat' dir='ltr'>venis-</span> 
     </span>
     <span class='ocr_line' id='line_1_13' title="bbox 269 883 1681 932; baseline -0.003 -10"><span class='ocrx_word' id='word_1_82' title='bbox 269 893 339 931; x_wconf 86' lang='lat' dir='ltr'>set,</span> <span class='ocrx_word' id='word_1_83' title='bbox 369 885 538 922; x_wconf 84' lang='lat' dir='ltr'>exercitu</span> <span class='ocrx_word' id='word_1_84' title='bbox 569 885 605 920; x_wconf 91' lang='lat' dir='ltr'>in</span> <span class='ocrx_word' id='word_1_85' title='bbox 630 885 791 921; x_wconf 89' lang='lat' dir='ltr'>hiberna</span> <span class='ocrx_word' id='word_1_86' title='bbox 817 885 986 929; x_wconf 79' lang='lat' dir='ltr'>dimisso,</span> <span class='ocrx_word' id='word_1_87' title='bbox 1010 884 1092 932; x_wconf 82' lang='lat' dir='ltr'>ipse</span> <span class='ocrx_word' id='word_1_88' title='bbox 1115 897 1198 920; x_wconf 88' lang='lat' dir='ltr'>eum</span> <span class='ocrx_word' id='word_1_89' title='bbox 1225 883 1347 932; x_wconf 81' lang='lat' dir='ltr'>Cotye</span> <span class='ocrx_word' id='word_1_90' title='bbox 1362 883 1681 919; x_wconf 83' lang='lat' dir='ltr'>Thessalonicam</span> 
     </span>
     <span class='ocr_line' id='line_1_14' title="bbox 271 952 1681 1004; baseline -0.004 -12"><span class='ocrx_word' id='word_1_91' title='bbox 271 962 327 992; x_wconf 79' lang='lat' dir='ltr'>est</span> <span class='ocrx_word' id='word_1_92' title='bbox 355 955 563 1004; x_wconf 84' lang='lat' dir='ltr'>profectuS.</span> <span class='ocrx_word' id='word_1_93' title='bbox 608 955 666 990; x_wconf 90' lang='lat' dir='ltr'>Eo</span> <span class='ocrx_word' id='word_1_94' title='bbox 698 953 802 990; x_wconf 82' lang='lat' dir='ltr'>fama</span> <span class='ocrx_word' id='word_1_95' title='bbox 833 953 1016 992; x_wconf 74' lang='lat' dir='ltr'>adfertur,</span> <span class='ocrx_word' id='word_1_96' title='bbox 1040 953 1243 998; x_wconf 84' lang='lat' dir='ltr'>Atlesbim,</span> <span class='ocrx_word' id='word_1_97' title='bbox 1274 952 1445 1001; x_wconf 86' lang='lat' dir='ltr'>regulum</span> <span class='ocrx_word' id='word_1_98' title='bbox 1471 952 1681 997; x_wconf 81' lang='lat' dir='ltr'>Thracum,</span> 
     </span>
     <span class='ocr_line' id='line_1_15' title="bbox 271 1021 1683 1072; baseline -0.003 -11"><span class='ocrx_word' id='word_1_99' title='bbox 271 1032 307 1062; x_wconf 90' lang='lat' dir='ltr'>et</span> <span class='ocrx_word' id='word_1_100' title='bbox 338 1024 574 1072; x_wconf 84' lang='lat' dir='ltr'>Corragum,</span> <span class='ocrx_word' id='word_1_101' title='bbox 618 1024 800 1060; x_wconf 87' lang='lat' dir='ltr'>Eumenis</span> <span class='ocrx_word' id='word_1_102' title='bbox 840 1022 1082 1071; x_wconf 66' lang='lat' dir='ltr'>praefectum,</span> <span class='ocrx_word' id='word_1_103' title='bbox 1131 1023 1167 1058; x_wconf 91' lang='lat' dir='ltr'>in</span> <span class='ocrx_word' id='word_1_104' title='bbox 1200 1021 1332 1070; x_wconf 79' lang='lat' dir='ltr'>Cotyis</span> <span class='ocrx_word' id='word_1_105' title='bbox 1369 1022 1462 1058; x_wconf 84' lang='lat' dir='ltr'>fines</span> <span class='ocrx_word' id='word_1_106' title='bbox 1499 1022 1683 1070; x_wconf 87' lang='lat' dir='ltr'>impetum</span> 
     </span>
     <span class='ocr_line' id='line_1_16' title="bbox 272 1091 1683 1141; baseline -0.004 -10"><span class='ocrx_word' id='word_1_107' title='bbox 272 1094 408 1132; x_wconf 85' lang='lat' dir='ltr'>fecisse</span> <span class='ocrx_word' id='word_1_108' title='bbox 447 1101 483 1130; x_wconf 86' lang='lat' dir='ltr'>et</span> <span class='ocrx_word' id='word_1_109' title='bbox 512 1093 728 1141; x_wconf 72' lang='lat' dir='ltr'>regionem,</span> <span class='ocrx_word' id='word_1_110' title='bbox 759 1094 945 1129; x_wconf 83' lang='lat' dir='ltr'>Marenen</span> <span class='ocrx_word' id='word_1_111' title='bbox 979 1104 1093 1139; x_wconf 87' lang='lat' dir='ltr'>quam</span> <span class='ocrx_word' id='word_1_112' title='bbox 1128 1097 1287 1136; x_wconf 79' lang='lat' dir='ltr'>vocant,</span> <span class='ocrx_word' id='word_1_113' title='bbox 1331 1091 1486 1139; x_wconf 86' lang='lat' dir='ltr'>cepisse.</span> <span class='ocrx_word' id='word_1_114' title='bbox 1545 1091 1683 1138; x_wconf 82' lang='lat' dir='ltr'>Itaque</span> 
     </span>
     <span class='ocr_line' id='line_1_17' title="bbox 271 1160 1683 1211; baseline -0.003 -11"><span class='ocrx_word' id='word_1_115' title='bbox 271 1163 536 1201; x_wconf 85' lang='lat' dir='ltr'>dimittendum</span> <span class='ocrx_word' id='word_1_116' title='bbox 564 1162 690 1211; x_wconf 80' lang='lat' dir='ltr'>Cotyn</span> <span class='ocrx_word' id='word_1_117' title='bbox 721 1163 770 1198; x_wconf 86' lang='lat' dir='ltr'>ad</span> <span class='ocrx_word' id='word_1_118' title='bbox 800 1174 871 1197; x_wconf 84' lang='lat' dir='ltr'>sua</span> <span class='ocrx_word' id='word_1_119' title='bbox 893 1161 1035 1197; x_wconf 87' lang='lat' dir='ltr'>tuenda</span> <span class='ocrx_word' id='word_1_120' title='bbox 1056 1168 1174 1205; x_wconf 79' lang='lat' dir='ltr'>ratuS,</span> <span class='ocrx_word' id='word_1_121' title='bbox 1205 1160 1353 1208; x_wconf 86' lang='lat' dir='ltr'>magnis</span> <span class='ocrx_word' id='word_1_122' title='bbox 1381 1161 1683 1208; x_wconf 86' lang='lat' dir='ltr'>proficiscentem</span> 
     </span>
     <span class='ocr_line' id='line_1_18' title="bbox 270 1228 1682 1280; baseline -0.002 -11"><span class='ocrx_word' id='word_1_123' title='bbox 270 1233 380 1269; x_wconf 89' lang='lat' dir='ltr'>donis</span> <span class='ocrx_word' id='word_1_124' title='bbox 412 1232 668 1280; x_wconf 88' lang='lat' dir='ltr'>prosequitur.</span> <span class='ocrx_word' id='word_1_125' title='bbox 713 1232 891 1268; x_wconf 84' lang='lat' dir='ltr'>Ducenta</span> <span class='ocrx_word' id='word_1_126' title='bbox 912 1230 1068 1275; x_wconf 89' lang='lat' dir='ltr'>talenta,</span> <span class='ocrx_word' id='word_1_127' title='bbox 1093 1237 1275 1266; x_wconf 86' lang='lat' dir='ltr'>semestre</span> <span class='ocrx_word' id='word_1_128' title='bbox 1303 1230 1546 1278; x_wconf 79' lang='lat' dir='ltr'>stipendium,</span> <span class='ocrx_word' id='word_1_129' title='bbox 1576 1228 1682 1277; x_wconf 87' lang='lat' dir='ltr'>equi·</span> 
     </span>
     <span class='ocr_line' id='line_1_19' title="bbox 270 1298 1683 1349; baseline -0.004 -10"><span class='ocrx_word' id='word_1_130' title='bbox 270 1303 367 1340; x_wconf 83' lang='lat' dir='ltr'>tatui</span> <span class='ocrx_word' id='word_1_131' title='bbox 396 1307 584 1345; x_wconf 85' lang='lat' dir='ltr'>numerat,</span> <span class='ocrx_word' id='word_1_132' title='bbox 615 1313 699 1336; x_wconf 92' lang='lat' dir='ltr'>eum</span> <span class='ocrx_word' id='word_1_133' title='bbox 730 1301 854 1349; x_wconf 90' lang='lat' dir='ltr'>primo</span> <span class='ocrx_word' id='word_1_134' title='bbox 885 1313 1052 1335; x_wconf 90' lang='lat' dir='ltr'>annuum</span> <span class='ocrx_word' id='word_1_135' title='bbox 1087 1300 1178 1336; x_wconf 86' lang='lat' dir='ltr'>dare</span> <span class='ocrx_word' id='word_1_136' title='bbox 1209 1300 1474 1338; x_wconf 80' lang='lat' dir='ltr'>constituisset.</span> <span class='ocrx_word' id='word_1_137' title='bbox 1527 1298 1683 1344; x_wconf 87' lang='lat' dir='ltr'>Consul,</span> 
     </span>
     <span class='ocr_line' id='line_1_20' title="bbox 269 1368 1683 1422; baseline -0.004 -13"><span class='ocrx_word' id='word_1_138' title='bbox 269 1379 475 1422; x_wconf 80' lang='lat' dir='ltr'>postquam</span> <span class='ocrx_word' id='word_1_139' title='bbox 506 1368 719 1418; x_wconf 72' lang='lat' dir='ltr'>profectum</span> <span class='ocrx_word' id='word_1_140' title='bbox 742 1370 886 1405; x_wconf 85' lang='lat' dir='ltr'>Persea</span> <span class='ocrx_word' id='word_1_141' title='bbox 907 1369 1064 1413; x_wconf 80' lang='lat' dir='ltr'>audivit,</span> <span class='ocrx_word' id='word_1_142' title='bbox 1097 1369 1144 1404; x_wconf 85' lang='lat' dir='ltr'>ad</span> <span class='ocrx_word' id='word_1_143' title='bbox 1171 1368 1353 1406; x_wconf 86' lang='lat' dir='ltr'>Gonnum</span> <span class='ocrx_word' id='word_1_144' title='bbox 1384 1374 1512 1405; x_wconf 86' lang='lat' dir='ltr'>eastra</span> <span class='ocrx_word' id='word_1_145' title='bbox 1543 1372 1683 1413; x_wconf 86' lang='lat' dir='ltr'>movet,</span> 
     </span>
     <span class='ocr_line' id='line_1_21' title="bbox 269 1436 1681 1489; baseline -0.004 -11"><span class='ocrx_word' id='word_1_146' title='bbox 269 1442 301 1478; x_wconf 90' lang='lat' dir='ltr'>si</span> <span class='ocrx_word' id='word_1_147' title='bbox 331 1440 444 1489; x_wconf 90' lang='lat' dir='ltr'>potiri</span> <span class='ocrx_word' id='word_1_148' title='bbox 479 1439 620 1487; x_wconf 88' lang='lat' dir='ltr'>oppido</span> <span class='ocrx_word' id='word_1_149' title='bbox 651 1445 793 1486; x_wconf 84' lang='lat' dir='ltr'>posset.</span> <span class='ocrx_word' id='word_1_150' title='bbox 854 1441 959 1475; x_wconf 87' lang='lat' dir='ltr'>Ante</span> <span class='ocrx_word' id='word_1_151' title='bbox 988 1439 1072 1486; x_wconf 84' lang='lat' dir='ltr'>ipsa</span> <span class='ocrx_word' id='word_1_152' title='bbox 1102 1439 1250 1486; x_wconf 88' lang='lat' dir='ltr'>Tempe</span> <span class='ocrx_word' id='word_1_153' title='bbox 1279 1439 1317 1474; x_wconf 91' lang='lat' dir='ltr'>in</span> <span class='ocrx_word' id='word_1_154' title='bbox 1355 1437 1530 1474; x_wconf 76' lang='lat' dir='ltr'>faucibus</span> <span class='ocrx_word' id='word_1_155' title='bbox 1567 1436 1681 1473; x_wconf 78' lang='lat' dir='ltr'>situm</span> 
     </span>
     <span class='ocr_line' id='line_1_22' title="bbox 269 1507 1684 1556; baseline -0.004 -9"><span class='ocrx_word' id='word_1_156' title='bbox 269 1510 507 1548; x_wconf 61' lang='lat' dir='ltr'>Macedoniae</span> <span class='ocrx_word' id='word_1_157' title='bbox 537 1509 704 1544; x_wconf 83' lang='lat' dir='ltr'>claustra</span> <span class='ocrx_word' id='word_1_158' title='bbox 733 1508 922 1544; x_wconf 79' lang='lat' dir='ltr'>tutissima</span> <span class='ocrx_word' id='word_1_159' title='bbox 951 1509 1093 1556; x_wconf 82' lang='lat' dir='ltr'>praebet</span> <span class='ocrx_word' id='word_1_160' title='bbox 1134 1514 1170 1544; x_wconf 82' lang='lat' dir='ltr'>et</span> <span class='ocrx_word' id='word_1_161' title='bbox 1199 1507 1237 1543; x_wconf 84' lang='lat' dir='ltr'>iu</span> <span class='ocrx_word' id='word_1_162' title='bbox 1268 1507 1509 1544; x_wconf 78' lang='lat' dir='ltr'>Thessaliam</span> <span class='ocrx_word' id='word_1_163' title='bbox 1542 1517 1684 1554; x_wconf 87' lang='lat' dir='ltr'>oppor-</span> 
     </span>
     <span class='ocr_line' id='line_1_23' title="bbox 272 1575 1683 1624; baseline -0.004 -8"><span class='ocrx_word' id='word_1_164' title='bbox 272 1587 402 1617; x_wconf 88' lang='lat' dir='ltr'>tunum</span> <span class='ocrx_word' id='word_1_165' title='bbox 435 1578 711 1614; x_wconf 85' lang='lat' dir='ltr'>Macedonibus</span> <span class='ocrx_word' id='word_1_166' title='bbox 742 1578 954 1613; x_wconf 85' lang='lat' dir='ltr'>decursum.</span> <span class='ocrx_word' id='word_1_167' title='bbox 1026 1576 1121 1613; x_wconf 86' lang='lat' dir='ltr'>Cum</span> <span class='ocrx_word' id='word_1_168' title='bbox 1154 1583 1190 1613; x_wconf 84' lang='lat' dir='ltr'>et</span> <span class='ocrx_word' id='word_1_169' title='bbox 1222 1577 1307 1613; x_wconf 90' lang='lat' dir='ltr'>loeo</span> <span class='ocrx_word' id='word_1_170' title='bbox 1338 1584 1375 1613; x_wconf 85' lang='lat' dir='ltr'>et</span> <span class='ocrx_word' id='word_1_171' title='bbox 1404 1575 1581 1624; x_wconf 85' lang='lat' dir='ltr'>praesidio</span> <span class='ocrx_word' id='word_1_172' title='bbox 1612 1587 1683 1611; x_wconf 81' lang='lat' dir='ltr'>va-</span> 
     </span>
     <span class='ocr_line' id='line_1_24' title="bbox 268 1644 1683 1696; baseline -0.002 -10"><span class='ocrx_word' id='word_1_173' title='bbox 268 1651 346 1686; x_wconf 89' lang='lat' dir='ltr'>lido</span> <span class='ocrx_word' id='word_1_174' title='bbox 376 1647 683 1696; x_wconf 84' lang='lat' dir='ltr'>inexpugnabilis</span> <span class='ocrx_word' id='word_1_175' title='bbox 713 1648 803 1682; x_wconf 88' lang='lat' dir='ltr'>urbs</span> <span class='ocrx_word' id='word_1_176' title='bbox 834 1654 944 1691; x_wconf 86' lang='lat' dir='ltr'>esset,</span> <span class='ocrx_word' id='word_1_177' title='bbox 976 1647 1121 1682; x_wconf 83' lang='lat' dir='ltr'>abstitit</span> <span class='ocrx_word' id='word_1_178' title='bbox 1150 1646 1313 1694; x_wconf 81' lang='lat' dir='ltr'>incepto.</span> <span class='ocrx_word' id='word_1_179' title='bbox 1359 1647 1405 1682; x_wconf 89' lang='lat' dir='ltr'>In</span> <span class='ocrx_word' id='word_1_180' title='bbox 1422 1644 1683 1683; x_wconf 72' lang='lat' dir='ltr'>Perrhaebiam</span> 
     </span>
     <span class='ocr_line' id='line_1_25' title="bbox 269 1713 1681 1764; baseline -0.004 -9"><span class='ocrx_word' id='word_1_181' title='bbox 269 1720 378 1756; x_wconf 86' lang='lat' dir='ltr'>flexis</span> <span class='ocrx_word' id='word_1_182' title='bbox 407 1718 624 1761; x_wconf 75' lang='lat' dir='ltr'>itineribus,</span> <span class='ocrx_word' id='word_1_183' title='bbox 656 1716 812 1752; x_wconf 81' lang='lat' dir='ltr'>Malloea</span> <span class='ocrx_word' id='word_1_184' title='bbox 842 1717 964 1764; x_wconf 90' lang='lat' dir='ltr'>primo</span> <span class='ocrx_word' id='word_1_185' title='bbox 998 1716 1140 1763; x_wconf 86' lang='lat' dir='ltr'>impetu</span> <span class='ocrx_word' id='word_1_186' title='bbox 1171 1723 1284 1763; x_wconf 80' lang='lat' dir='ltr'>capta</span> <span class='ocrx_word' id='word_1_187' title='bbox 1315 1728 1360 1752; x_wconf 86' lang='lat' dir='ltr'>ae</span> <span class='ocrx_word' id='word_1_188' title='bbox 1390 1715 1559 1763; x_wconf 83' lang='lat' dir='ltr'>direpta,</span> <span class='ocrx_word' id='word_1_189' title='bbox 1589 1713 1681 1750; x_wconf 88' lang='lat' dir='ltr'>Tri-</span> 
     </span>
     <span class='ocr_line' id='line_1_26' title="bbox 271 1784 1682 1838; baseline -0.004 -13"><span class='ocrx_word' id='word_1_190' title='bbox 271 1789 350 1838; x_wconf 90' lang='lat' dir='ltr'>poli</span> <span class='ocrx_word' id='word_1_191' title='bbox 377 1787 530 1834; x_wconf 79' lang='lat' dir='ltr'>aliaque</span> <span class='ocrx_word' id='word_1_192' title='bbox 553 1784 775 1821; x_wconf 80' lang='lat' dir='ltr'>Perrhaebia</span> <span class='ocrx_word' id='word_1_193' title='bbox 801 1792 967 1833; x_wconf 85' lang='lat' dir='ltr'>recepta,</span> <span class='ocrx_word' id='word_1_194' title='bbox 1003 1785 1177 1821; x_wconf 82' lang='lat' dir='ltr'>Larisam</span> <span class='ocrx_word' id='word_1_195' title='bbox 1205 1785 1329 1822; x_wconf 87' lang='lat' dir='ltr'>rediit.</span> <span class='ocrx_word' id='word_1_196' title='bbox 1383 1784 1480 1820; x_wconf 87' lang='lat' dir='ltr'>Inde</span> <span class='ocrx_word' id='word_1_197' title='bbox 1510 1784 1682 1820; x_wconf 84' lang='lat' dir='ltr'>Eumene</span> 
     </span>
     <span class='ocr_line' id='line_1_27' title="bbox 269 1853 1682 1906; baseline -0.005 -11"><span class='ocrx_word' id='word_1_198' title='bbox 269 1859 396 1906; x_wconf 83' lang='lat' dir='ltr'>adque</span> <span class='ocrx_word' id='word_1_199' title='bbox 429 1855 565 1893; x_wconf 79' lang='lat' dir='ltr'>Attalo</span> <span class='ocrx_word' id='word_1_200' title='bbox 604 1854 759 1889; x_wconf 85' lang='lat' dir='ltr'>domum</span> <span class='ocrx_word' id='word_1_201' title='bbox 789 1854 978 1899; x_wconf 81' lang='lat' dir='ltr'>remissis,</span> <span class='ocrx_word' id='word_1_202' title='bbox 1017 1854 1208 1902; x_wconf 79' lang='lat' dir='ltr'>Misageni</span> <span class='ocrx_word' id='word_1_203' title='bbox 1237 1853 1492 1901; x_wconf 85' lang='lat' dir='ltr'>Numidisque</span> <span class='ocrx_word' id='word_1_204' title='bbox 1522 1853 1682 1889; x_wconf 86' lang='lat' dir='ltr'>hiberna</span> 
     </span>
     <span class='ocr_line' id='line_1_28' title="bbox 268 1922 1680 1975; baseline -0.004 -11"><span class='ocrx_word' id='word_1_205' title='bbox 268 1928 307 1964; x_wconf 92' lang='lat' dir='ltr'>in</span> <span class='ocrx_word' id='word_1_206' title='bbox 346 1925 545 1975; x_wconf 89' lang='lat' dir='ltr'>proxumis</span> <span class='ocrx_word' id='word_1_207' title='bbox 575 1923 773 1961; x_wconf 75' lang='lat' dir='ltr'>Thessalis</span> <span class='ocrx_word' id='word_1_208' title='bbox 813 1924 970 1960; x_wconf 86' lang='lat' dir='ltr'>urbibus</span> <span class='ocrx_word' id='word_1_209' title='bbox 1002 1924 1213 1968; x_wconf 78' lang='lat' dir='ltr'>distribuit,</span> <span class='ocrx_word' id='word_1_210' title='bbox 1247 1930 1284 1959; x_wconf 86' lang='lat' dir='ltr'>et</span> <span class='ocrx_word' id='word_1_211' title='bbox 1313 1929 1461 1972; x_wconf 83' lang='lat' dir='ltr'>partem</span> <span class='ocrx_word' id='word_1_212' title='bbox 1492 1922 1680 1958; x_wconf 84' lang='lat' dir='ltr'>exereitus</span> 
     </span>
    </p>
   </div>
   <div class='ocr_carea' id='block_1_5' title="bbox 459 2017 575 2021">
    <p class='ocr_par' dir='ltr' id='par_1_6' title="bbox 459 2017 575 2021">
     <span class='ocr_line' id='line_1_29' title="bbox 459 2017 575 2021; baseline 0 0"><span class='ocrx_word' id='word_1_213' title='bbox 459 2017 575 2021; x_wconf 95' lang='lat' dir='ltr'> </span> 
     </span>
    </p>
   </div>
   <div class='ocr_carea' id='block_1_6' title="bbox 313 2018 458 2023">
    <p class='ocr_par' dir='ltr' id='par_1_7' title="bbox 313 2018 458 2023">
     <span class='ocr_line' id='line_1_30' title="bbox 313 2018 458 2023; baseline 0 0"><span class='ocrx_word' id='word_1_214' title='bbox 313 2018 458 2023; x_wconf 95' lang='lat' dir='ltr'> </span> 
     </span>
    </p>
   </div>
   <div class='ocr_carea' id='block_1_7' title="bbox 270 2061 1676 2105">
    <p class='ocr_par' dir='ltr' id='par_1_8' title="bbox 270 2061 1676 2105">
     <span class='ocr_line' id='line_1_31' title="bbox 270 2061 1676 2105; baseline -0.004 -8"><span class='ocrx_word' id='word_1_215' title='bbox 270 2069 322 2105; x_wconf 80' lang='lat'>10,</span> <span class='ocrx_word' id='word_1_216' title='bbox 350 2071 369 2097; x_wconf 89' lang='lat'><strong>3</strong></span> <span class='ocrx_word' id='word_1_217' title='bbox 396 2067 531 2097; x_wconf 85' lang='lat' dir='ltr'>sinistra</span> <span class='ocrx_word' id='word_1_218' title='bbox 557 2065 641 2094; x_wconf 79' lang='lat' dir='ltr'>aleae</span> <span class='ocrx_word' id='word_1_219' title='bbox 711 2063 856 2096; x_wconf 74' lang='lat' dir='ltr'>LXVII.</span> <span class='ocrx_word' id='word_1_220' title='bbox 885 2063 916 2101; x_wconf 89' lang='lat'>1,</span> <span class='ocrx_word' id='word_1_221' title='bbox 944 2067 962 2093; x_wconf 91' lang='lat'><strong>3</strong></span> <span class='ocrx_word' id='word_1_222' title='bbox 990 2064 1190 2094; x_wconf 85' lang='lat' dir='ltr'>amissorum</span> <span class='ocrx_word' id='word_1_223' title='bbox 1217 2072 1355 2094; x_wconf 72' lang='lat' dir='ltr'>curuum</span> <span class='ocrx_word' id='word_1_224' title='bbox 1378 2063 1382 2103; x_wconf 84' lang='grc'>1</span> <span class='ocrx_word' id='word_1_225' title='bbox 1405 2071 1551 2093; x_wconf 89' lang='lat' dir='ltr'>connum</span> <span class='ocrx_word' id='word_1_226' title='bbox 1599 2061 1632 2099; x_wconf 81' lang='lat'>2,</span> <span class='ocrx_word' id='word_1_227' title='bbox 1662 2064 1676 2092; x_wconf 91' lang='lat'>1</span> 
     </span>
    </p>
   </div>
   <div class='ocr_carea' id='block_1_8' title="bbox 268 2117 1677 2199">
    <p class='ocr_par' dir='ltr' id='par_1_9' title="bbox 268 2117 1677 2199">
     <span class='ocr_line' id='line_1_32' title="bbox 268 2117 1677 2163; baseline -0.004 -7"><span class='ocrx_word' id='word_1_228' title='bbox 268 2130 416 2156; x_wconf 81' lang='lat' dir='ltr'>moteum</span> <span class='ocrx_word' id='word_1_229' title='bbox 449 2123 618 2163; x_wconf 82' lang='lat' dir='ltr'>quendam</span> <span class='ocrx_word' id='word_1_230' title='bbox 679 2126 698 2152; x_wconf 85' lang='lat'>2</span> <span class='ocrx_word' id='word_1_231' title='bbox 726 2122 813 2160; x_wconf 78' lang='lat' dir='ltr'>regis</span> <span class='ocrx_word' id='word_1_232' title='bbox 837 2121 842 2159; x_wconf 64' lang='grc' dir='ltr'><strong>ἢ</strong></span> <span class='ocrx_word' id='word_1_233' title='bbox 864 2121 1032 2160; x_wconf 84' lang='lat' dir='ltr'>relinquid</span> <span class='ocrx_word' id='word_1_234' title='bbox 1082 2124 1101 2151; x_wconf 85' lang='lat'><strong>3</strong></span> <span class='ocrx_word' id='word_1_235' title='bbox 1128 2121 1221 2151; x_wconf 82' lang='lat' dir='ltr'>iussu</span> <span class='ocrx_word' id='word_1_236' title='bbox 1243 2121 1247 2159; x_wconf 82' lang='grc' dir='ltr'>Ι</span> <span class='ocrx_word' id='word_1_237' title='bbox 1271 2125 1303 2150; x_wconf 91' lang='lat' dir='ltr'>et</span> <span class='ocrx_word' id='word_1_238' title='bbox 1330 2120 1519 2160; x_wconf 87' lang='lat' dir='ltr'>propinquo</span> <span class='ocrx_word' id='word_1_239' title='bbox 1545 2117 1677 2160; x_wconf 70' lang='lat' dir='ltr'>Kreyss-</span> 
     </span>
     <span class='ocr_line' id='line_1_33' title="bbox 1309 2183 1322 2199; baseline 0 0"><span class='ocrx_word' id='word_1_240' title='bbox 1309 2183 1322 2199; x_wconf 86' lang='lat' dir='ltr'>S</span> 
     </span>
    </p>
   </div>
   <div class='ocr_carea' id='block_1_9' title="bbox 267 2195 1678 2609">
    <p class='ocr_par' dir='ltr' id='par_1_10' title="bbox 267 2195 1678 2609">
     <span class='ocr_line' id='line_1_34' title="bbox 269 2195 1678 2258; baseline -0.006 -10"><span class='ocrx_word' id='word_1_241' title='bbox 269 2216 387 2258; x_wconf 71' lang='lat' dir='ltr'>(Gryn.</span> <span class='ocrx_word' id='word_1_242' title='bbox 408 2222 441 2245; x_wconf 83' lang='lat' dir='ltr'>et</span> <span class='ocrx_word' id='word_1_243' title='bbox 458 2214 682 2255; x_wconf 79' lang='lat' dir='ltr'>propinquos)</span> <span class='ocrx_word' id='word_1_244' title='bbox 732 2213 763 2249; x_wconf 77' lang='lat'>3,</span> <span class='ocrx_word' id='word_1_245' title='bbox 791 2217 810 2244; x_wconf 77' lang='lat'>2</span> <span class='ocrx_word' id='word_1_246' title='bbox 837 2213 1077 2244; x_wconf 83' lang='lat' dir='ltr'>tessalonicam</span> <span class='ocrx_word' id='word_1_247' title='bbox 1126 2212 1158 2249; x_wconf 74' lang='lat'>4,</span> <span class='ocrx_word' id='word_1_248' title='bbox 1190 2216 1201 2242; x_wconf 84' lang='lat'>1</span> <span class='ocrx_word' id='word_1_249' title='bbox 1232 2195 1402 2242; x_wconf 81' lang='lat' dir='ltr'>atlenibim</span> <span class='ocrx_word' id='word_1_250' title='bbox 1427 2210 1487 2251; x_wconf 93' lang='lat' dir='ltr'>(H.</span> <span class='ocrx_word' id='word_1_251' title='bbox 1505 2210 1678 2249; x_wconf 84' lang='lat' dir='ltr'>autlebim)</span> 
     </span>
     <span class='ocr_line' id='line_1_35' title="bbox 270 2269 1678 2327; baseline -0.004 -13"><span class='ocrx_word' id='word_1_252' title='bbox 270 2285 275 2327; x_wconf 84' lang='grc' dir='ltr'>Ι</span> <span class='ocrx_word' id='word_1_253' title='bbox 304 2290 432 2314; x_wconf 77' lang='lat' dir='ltr'>tracum</span> <span class='ocrx_word' id='word_1_254' title='bbox 461 2283 657 2313; x_wconf 81' lang='lat' dir='ltr'>eorrachum</span> <span class='ocrx_word' id='word_1_255' title='bbox 684 2282 834 2312; x_wconf 88' lang='lat' dir='ltr'>eumenis</span> <span class='ocrx_word' id='word_1_256' title='bbox 860 2269 908 2322; x_wconf 61' lang='lat' dir='ltr'>pr.</span> <span class='ocrx_word' id='word_1_257' title='bbox 937 2282 986 2320; x_wconf 87' lang='lat' dir='ltr'>(et</span> <span class='ocrx_word' id='word_1_258' title='bbox 1010 2280 1089 2312; x_wconf 77' lang='lat' dir='ltr'>add.</span> <span class='ocrx_word' id='word_1_259' title='bbox 1112 2279 1292 2320; x_wconf 79' lang='lat' dir='ltr'>Frob.ll.)</span> <span class='ocrx_word' id='word_1_260' title='bbox 1361 2283 1380 2310; x_wconf 87' lang='grc'><strong>3</strong></span> <span class='ocrx_word' id='word_1_261' title='bbox 1409 2278 1543 2310; x_wconf 81' lang='lat' dir='ltr'>fecisset</span> <span class='ocrx_word' id='word_1_262' title='bbox 1568 2279 1678 2319; x_wconf 81' lang='lat' dir='ltr'>regio-</span> 
     </span>
     <span class='ocr_line' id='line_1_36' title="bbox 267 2336 1678 2381; baseline -0.005 -8"><span class='ocrx_word' id='word_1_263' title='bbox 267 2351 343 2373; x_wconf 88' lang='lat' dir='ltr'>nem</span> <span class='ocrx_word' id='word_1_264' title='bbox 367 2340 371 2381; x_wconf 84' lang='grc' dir='ltr'>Ι</span> <span class='ocrx_word' id='word_1_265' title='bbox 394 2349 563 2370; x_wconf 68' lang='lat' dir='ltr'>maronem</span> <span class='ocrx_word' id='word_1_266' title='bbox 629 2339 661 2377; x_wconf 77' lang='grc' dir='ltr'>ὃ,</span> <span class='ocrx_word' id='word_1_267' title='bbox 684 2343 704 2370; x_wconf 84' lang='lat'>4</span> <span class='ocrx_word' id='word_1_268' title='bbox 731 2349 872 2369; x_wconf 85' lang='lat' dir='ltr'>numera</span> <span class='ocrx_word' id='word_1_269' title='bbox 893 2339 897 2378; x_wconf 82' lang='grc' dir='ltr'>Ι</span> <span class='ocrx_word' id='word_1_270' title='bbox 920 2349 1020 2369; x_wconf 79' lang='lat' dir='ltr'>anum</span> <span class='ocrx_word' id='word_1_271' title='bbox 1049 2339 1128 2368; x_wconf 80' lang='lat' dir='ltr'>dare</span> <span class='ocrx_word' id='word_1_272' title='bbox 1194 2338 1233 2375; x_wconf 82' lang='lat' dir='ltr'>G,</span> <span class='ocrx_word' id='word_1_273' title='bbox 1261 2341 1280 2367; x_wconf 85' lang='lat'><strong>2</strong></span> <span class='ocrx_word' id='word_1_274' title='bbox 1308 2346 1454 2367; x_wconf 83' lang='lat' dir='ltr'>connum</span> <span class='ocrx_word' id='word_1_275' title='bbox 1516 2339 1535 2366; x_wconf 89' lang='lat'><strong>3</strong></span> <span class='ocrx_word' id='word_1_276' title='bbox 1564 2336 1590 2366; x_wconf 84' lang='lat' dir='ltr'>si</span> <span class='ocrx_word' id='word_1_277' title='bbox 1618 2346 1678 2376; x_wconf 89' lang='lat' dir='ltr'>po-</span> 
     </span>
     <span class='ocr_line' id='line_1_37' title="bbox 268 2393 1678 2437; baseline -0.003 -8"><span class='ocrx_word' id='word_1_278' title='bbox 268 2398 343 2429; x_wconf 86' lang='lat' dir='ltr'>tiori</span> <span class='ocrx_word' id='word_1_279' title='bbox 367 2397 371 2437; x_wconf 90' lang='grc' dir='ltr'>Ι</span> <span class='ocrx_word' id='word_1_280' title='bbox 394 2398 498 2436; x_wconf 80' lang='lat' dir='ltr'>ipsam</span> <span class='ocrx_word' id='word_1_281' title='bbox 527 2402 637 2437; x_wconf 83' lang='lat' dir='ltr'>tempe</span> <span class='ocrx_word' id='word_1_282' title='bbox 680 2400 699 2426; x_wconf 80' lang='lat'><strong>4</strong></span> <span class='ocrx_word' id='word_1_283' title='bbox 726 2397 943 2427; x_wconf 77' lang='lat' dir='ltr'>macaedoniae</span> <span class='ocrx_word' id='word_1_284' title='bbox 965 2395 970 2435; x_wconf 79' lang='lat'>1</span> <span class='ocrx_word' id='word_1_285' title='bbox 993 2395 1164 2426; x_wconf 78' lang='lat' dir='ltr'>tessnliam</span> <span class='ocrx_word' id='word_1_286' title='bbox 1222 2393 1252 2431; x_wconf 80' lang='grc'>7,</span> <span class='ocrx_word' id='word_1_287' title='bbox 1281 2397 1299 2424; x_wconf 88' lang='grc'>2</span> <span class='ocrx_word' id='word_1_288' title='bbox 1326 2393 1601 2433; x_wconf 81' lang='lat' dir='ltr'>inexpugnabilis</span> <span class='ocrx_word' id='word_1_289' title='bbox 1625 2402 1678 2425; x_wconf 77' lang='lat' dir='ltr'>res</span> 
     </span>
     <span class='ocr_line' id='line_1_38' title="bbox 268 2451 1678 2493; baseline -0.004 -6"><span class='ocrx_word' id='word_1_290' title='bbox 268 2460 355 2487; x_wconf 88' lang='lat' dir='ltr'>esset</span> <span class='ocrx_word' id='word_1_291' title='bbox 383 2455 480 2485; x_wconf 68' lang='lat' dir='ltr'>tiron.</span> <span class='ocrx_word' id='word_1_292' title='bbox 505 2452 509 2493; x_wconf 91' lang='grc' dir='ltr'>Ι</span> <span class='ocrx_word' id='word_1_293' title='bbox 533 2454 565 2482; x_wconf 88' lang='lat' dir='ltr'>in</span> <span class='ocrx_word' id='word_1_294' title='bbox 598 2453 785 2493; x_wconf 79' lang='lat' dir='ltr'>perrebiam</span> <span class='ocrx_word' id='word_1_295' title='bbox 821 2453 915 2483; x_wconf 82' lang='lat' dir='ltr'>flexit</span> <span class='ocrx_word' id='word_1_296' title='bbox 976 2456 996 2482; x_wconf 83' lang='lat'><strong>4</strong></span> <span class='ocrx_word' id='word_1_297' title='bbox 1022 2452 1143 2492; x_wconf 81' lang='lat' dir='ltr'>aliquae</span> <span class='ocrx_word' id='word_1_298' title='bbox 1169 2451 1323 2492; x_wconf 81' lang='lat' dir='ltr'>perrebin.</span> <span class='ocrx_word' id='word_1_299' title='bbox 1344 2451 1349 2489; x_wconf 88' lang='grc'>1</span> <span class='ocrx_word' id='word_1_300' title='bbox 1372 2451 1460 2481; x_wconf 82' lang='lat' dir='ltr'>redit</span> <span class='ocrx_word' id='word_1_301' title='bbox 1513 2451 1546 2488; x_wconf 88' lang='grc'>8,</span> <span class='ocrx_word' id='word_1_302' title='bbox 1577 2455 1589 2482; x_wconf 93' lang='lat' dir='ltr'>l</span> <span class='ocrx_word' id='word_1_303' title='bbox 1619 2461 1678 2482; x_wconf 83' lang='lat' dir='ltr'>eu-</span> 
     </span>
     <span class='ocr_line' id='line_1_39' title="bbox 270 2507 1676 2550; baseline -0.002 -7"><span class='ocrx_word' id='word_1_304' title='bbox 270 2521 390 2543; x_wconf 88' lang='lat' dir='ltr'>menen</span> <span class='ocrx_word' id='word_1_305' title='bbox 453 2515 471 2540; x_wconf 84' lang='lat'>2</span> <span class='ocrx_word' id='word_1_306' title='bbox 504 2519 633 2540; x_wconf 81' lang='lat' dir='ltr'>romam</span> <span class='ocrx_word' id='word_1_307' title='bbox 667 2511 814 2541; x_wconf 80' lang='lat' dir='ltr'>remissis</span> <span class='ocrx_word' id='word_1_308' title='bbox 851 2511 856 2550; x_wconf 86' lang='lat' dir='ltr'>l</span> <span class='ocrx_word' id='word_1_309' title='bbox 895 2509 1057 2540; x_wconf 86' lang='lat' dir='ltr'>misaehin</span> <span class='ocrx_word' id='word_1_310' title='bbox 1091 2509 1302 2548; x_wconf 87' lang='lat' dir='ltr'>numidisque</span> <span class='ocrx_word' id='word_1_311' title='bbox 1336 2507 1478 2538; x_wconf 83' lang='lat' dir='ltr'>hiberna</span> <span class='ocrx_word' id='word_1_312' title='bbox 1503 2507 1574 2549; x_wconf 71' lang='lat' dir='ltr'>My.</span> <span class='ocrx_word' id='word_1_313' title='bbox 1601 2508 1676 2540; x_wconf 81' lang='lat' dir='ltr'>Em.</span> 
     </span>
     <span class='ocr_line' id='line_1_40' title="bbox 271 2565 1450 2609; baseline -0.004 -9"><span class='ocrx_word' id='word_1_314' title='bbox 271 2568 340 2601; x_wconf 73' lang='lat'>549</span> <span class='ocrx_word' id='word_1_315' title='bbox 366 2568 487 2609; x_wconf 74' lang='lat' dir='ltr'>(Gryn.</span> <span class='ocrx_word' id='word_1_316' title='bbox 516 2566 724 2606; x_wconf 78' lang='lat' dir='ltr'>Misagenem</span> <span class='ocrx_word' id='word_1_317' title='bbox 750 2567 983 2607; x_wconf 83' lang='lat' dir='ltr'>Numidasque</span> <span class='ocrx_word' id='word_1_318' title='bbox 1008 2567 1042 2597; x_wconf 91' lang='lat' dir='ltr'>in</span> <span class='ocrx_word' id='word_1_319' title='bbox 1066 2565 1220 2605; x_wconf 84' lang='lat' dir='ltr'>hiberna)</span> <span class='ocrx_word' id='word_1_320' title='bbox 1272 2568 1291 2596; x_wconf 87' lang='grc'><strong>3</strong></span> <span class='ocrx_word' id='word_1_321' title='bbox 1319 2565 1450 2596; x_wconf 81' lang='lat' dir='ltr'>tessulis</span> 
     </span>
    </p>
   </div>
  </div>
 </body>
</html>
