1742 2902
182 1077 226 1112 10

181 1287 220 1321 lt

182 1776 226 1811 13

321 129 369 162 30
676 123 778 154 Liber
802 121 894 152 XLI.
945 121 1006 160 (A.
1035 131 1066 152 n.
1096 131 1122 152 c.
1154 120 1248 160 580.)

263 249 439 285 Romano
478 245 733 293 appellatnm3
781 244 975 287 andimus,
1016 244 1164 292 legatos
1204 245 1402 280 Romanos
1435 243 1584 279 venisse
1623 243 1672 279 ad

262 329 388 364 regem
434 321 470 349 et·
515 326 579 349 eos
618 314 779 361 benigne
823 322 1017 362 exceptos.
1077 315 1172 350 Haec
1203 314 1331 350 onmia
1360 313 1466 361 pacis
1497 313 1670 360 equidem

261 386 371 432 signa
403 396 485 420 esse
515 383 664 428 indico,
701 396 775 419 non
807 384 915 425 belli,
956 396 1024 419 nee
1054 385 1252 420 Romanos
1281 382 1422 419 offendi
1453 393 1584 430 posse.
1628 381 1673 426 si,

262 462 300 490 ut
333 453 470 489 bellum
503 460 676 501 gerentes
713 465 777 488 eos
808 454 926 489 secuti
958 465 1100 493 sumus,
1131 466 1229 488 nunc
1265 466 1417 500 quoque
1449 452 1552 501 pat-is
1583 464 1673 488 auc·

261 530 363 560 tores
401 536 619 570 sequamur.
695 522 774 559 Cur
811 524 961 570 quidem
1011 535 1080 559 nos
1120 523 1351 570 inexpiabile
1395 522 1563 557 omnium
1602 521 1674 558 soli

260 593 399 629 bellum
445 592 628 628 adversus
672 605 830 638 regnum
878 593 1131 629 Macedonum
1177 605 1377 640 geramus,
1427 604 1503 627 non
1548 591 1673 629 video.

261 662 479 710 Opportuni
513 662 798 710 propinquitate
835 662 920 710 ipsa
950 662 1187 698 Macedoniae
1217 661 1377 698 snmus?
1418 673 1466 696 an
1496 661 1674 697 infirmis-

260 732 344 768 simi
388 732 554 767 oinnium
598 740 807 779 tamquam,
841 743 937 779 quos
968 744 1089 779 nuper
1118 731 1280 779 subegit,
1311 729 1512 778 Dolopes?
1556 730 1673 767 immo

260 810 394 838 contra
423 814 470 837 ea
507 801 565 837 vel
604 802 748 837 viribus
785 801 945 844 nostris,
989 801 1099 836 deum
1132 801 1386 848 benignitate,
1416 800 1475 835 vel
1507 799 1673 847 regionis

259 871 460 908 intervallo
493 871 571 908 tuti.
645 870 719 907 Sed
752 871 869 906 simus
914 883 1021 918 aeque
1053 871 1212 907 subiecti
1247 882 1291 906 ac
1322 869 1499 905 Thessali
1529 868 1673 905 AEtoli-

261 953 353 989 que;
384 940 499 976 nihilo
531 939 616 988 plus
648 940 733 975 fidei
765 941 1080 987 auctoritatisque
1110 941 1295 976 habemus
1323 939 1506 974 adversus
1530 939 1673 974 Roma·

258 1024 348 1054 nos,
382 1011 446 1058 qui
480 1022 631 1058 semper
659 1010 751 1045 socii
784 1011 909 1058 adque
940 1011 1051 1046 amici
1082 1009 1244 1049 fuimus,
1277 1021 1391 1056 quam
1424 1007 1566 1051 AEtoti,
1609 1007 1673 1055 qui

259 1081 376 1130 paulo
418 1087 505 1117 ante
547 1081 676 1116 hostes
715 1079 894 1116 suerunt?
953 1080 1067 1126 Quod
1107 1079 1271 1121 AEtolis„
1317 1077 1418 1125 qnod
1461 1077 1673 1122 Thessalis,

261 1151 362 1199 quod
395 1150 586 1198 Epirotis,
629 1150 731 1186 omni
772 1149 935 1197 denique
966 1148 1128 1185 Graeciae
1158 1161 1241 1184 cum
1275 1147 1552 1183 Macedonibus
1582 1147 1674 1183 iuris

260 1228 328 1262 est,
359 1220 457 1255 idem
491 1228 527 1255 et
556 1219 666 1254 nobis
697 1219 756 1257 sit.
819 1218 898 1255 Cur
928 1219 1175 1255 exsecrabilis
1205 1219 1280 1253 ista
1308 1217 1419 1252 nobis
1449 1216 1539 1252 solis
1569 1216 1675 1252 velut.

258 1290 462 1337 discerptio
508 1289 600 1324 iuris
638 1289 794 1324 humani
833 1288 918 1325 est?
979 1289 1129 1325 Fecerit
1172 1287 1314 1335 aliquid
1357 1285 1568 1334 Philippus,
1608 1297 1676 1321 cur

259 1361 444 1396 adversus
474 1372 558 1395 eum
593 1365 782 1394 armatum
811 1364 847 1394 et
873 1358 1010 1394 bellum
1038 1366 1232 1405 gerentem
1263 1358 1336 1393 hoc
1365 1357 1674 1399 decerneremu83

259 1430 348 1478 quid
379 1430 566 1473 Perseus,
606 1440 729 1464 novus
759 1440 847 1471 rex,
879 1428 1001 1463 omnis
1032 1428 1178 1464 ininriae
1208 1428 1359 1470 insons,
1390 1438 1459 1461 suo
1491 1425 1674 1461 beneficio

258 1506 440 1549 paternas
470 1499 682 1535 simultates
713 1498 950 1541 oblitterans,
983 1498 1130 1542 meruit,
1161 1510 1228 1533 cur
1252 1496 1322 1532 soli
1345 1495 1514 1531 omnium
1546 1496 1675 1531 hostes

259 1571 292 1607 ei
323 1569 469 1605 simus?
520 1568 763 1616 Quamquam
797 1574 833 1604 et
865 1568 958 1604 illud
990 1568 1115 1604 (licere
1145 1574 1332 1615 poteram,
1365 1572 1472 1601 tanta
1503 1565 1673 1612 priorum

258 1640 498 1676 Macedoniae
538 1651 669 1687 regum
703 1638 837 1673 merita
875 1650 967 1686 erga
997 1650 1067 1674 nos
1107 1636 1244 1686 fuisse,
1293 1643 1331 1671 ut
1363 1635 1531 1683 Philippi
1564 1635 1674 1671 unius

259 1710 440 1751 iniurias,
471 1709 502 1745 si
533 1720 617 1755 quae
647 1707 746 1743 forte
776 1707 950 1751 fuerunt,
994 1708 1126 1755 utique
1157 1712 1246 1753 post
1275 1712 1435 1741 mortem
1468 1704 1670 1742 obscurent,

260 1781 490 1822 Meministis,
529 1791 613 1815 cum
645 1777 777 1814 classis
814 1778 990 1814 Romana
1025 1776 1232 1813 Cenchreis
1263 1780 1393 1817 staret,
1425 1772 1558 1809 consul
1588 1784 1673 1808 curn

260 1849 427 1886 exercitu
461 1848 596 1885 Elatiae
627 1854 744 1891 esset,
782 1847 948 1883 triduum
979 1859 1050 1883 nos
1079 1847 1117 1882 in
1148 1845 1309 1882 concilio
1340 1843 1477 1887 fuisse,
1523 1842 1673 1878 eonsul-

260 2082 291 2119 7,
320 2087 337 2113 3
365 2083 483 2123 paneis
509 2087 645 2113 autores
697 2086 715 2112 4
742 2081 966 2121 inexpiabiles
1015 2080 1047 2117 8,
1079 2083 1091 2110 1
1123 2079 1373 2120 opportunitate
1399 2077 1670 2119 propinquitate}

261 2151 461 2181 macedonia
502 2154 520 2181 2
546 2151 688 2182 subiecit
710 2149 841 2192 Kreyss.
866 2147 1146 2190 (er.E111.210)
1170 2148 1175 2186 1
1198 2147 1424 2186 dolopessimo
1475 2149 1493 2176 3
1521 2131 1670 2177 unostris

263 2210 267 2234 t
296 2209 454 2247 relgionis
519 2208 559 2245 9,
599 2212 609 2239 l
646 2218 761 2239 sumus
807 2207 970 2240 ll⁷alclzius
999 2210 1003 2244 1
1034 2205 1181 2237 thaessali
1257 2209 1274 2234 2
1301 2203 1378 2234 fidei
1407 2203 1510 2234 littera
1535 2209 1672 2234 extrema

260 2276 385 2307 macula
411 2277 528 2307 clim-tw
554 2278 730 2308 obscurata.
782 2276 837 2313 10,
870 2280 881 2306 l
912 2276 1041 2307 tessatis
1089 2279 1107 2305 3
1134 2279 1167 2305 ct
1191 2274 1289 2305 nobis
1305 2274 1348 2304 sit
1362 2283 1437 2303 cum
1454 2272 1672 2304 exsecrabilis

259 2335 324 2365 ista
352 2335 449 2364 nobis
474 2335 516 2365 sit
541 2344 599 2364 cur
625 2334 841 2365 exsecrabilis
867 2335 932 2364 ista
958 2333 1055 2364 nobis
1075 2333 1154 2363 solis
1204 2336 1222 2361 4
1242 2331 1394 2362 dissertio
1416 2329 1486 2371 My,
1506 2329 1578 2361 Em.
1598 2329 1672 2361 505

261 2391 383 2431 (Ην-ιρι.
412 2391 578 2430 desertio)
636 2392 690 2429 11,
721 2396 730 2422 1
764 2391 898 2432 filippus
959 2395 977 2421 2
1005 2400 1078 2421 eam
1126 2392 1144 2419 3
1172 2390 1312 2428 inguriae
1362 2391 1381 2418 4
1408 2389 1602 2418 simustates
1651 2390 1669 2418 5

260 2450 289 2479 ci
313 2458 429 2479 sumus
449 2447 546 2479 Gron.
570 2447 687 2490 (Gryn.
705 2449 848 2479 meruit?
867 2467 905 2471 -
922 2449 1072 2482 sumus?)
1146 2446 1201 2484 12,
1235 2450 1245 2476 l
1279 2455 1446 2487 quaquam
1470 2445 1474 2483 Ι
1497 2451 1599 2475 tantae
1650 2448 1670 2476 3

259 2506 512 2545 iniuriatnsiqua
535 2506 540 2543 l
561 2511 638 2545 post
675 2513 817 2537 mortem
851 2516 927 2536 cum
962 2505 1081 2536 classis
1115 2504 1186 2545 My.
1213 2503 1286 2535 Em.
1315 2502 1387 2534 505
1410 2501 1531 2543 (Gryn.
1558 2501 1671 2533 asteri-

259 2585 342 2605 scum
365 2574 542 2614 apposuit.)
569 2574 622 2611 13,
643 2578 653 2604 l
674 2559 934 2606 cencristab'e'ret
960 2573 1081 2614 (Gr-yn.
1111 2572 1291 2612 Cenchris)
1316 2573 1320 2612 1
1343 2572 1474 2602 uelatiae
1501 2569 1610 2612 Siqon.
1650 2573 1671 2601 2

265 2632 363 2673 Gryn.
391 2632 536 2662 triduum
563 2632 595 2661 in
623 2632 767 2662 concilio
793 2631 917 2663 suimus
939 2636 943 2672 l
966 2630 1186 2662 consultantis
