1796 2929
219 1211 238 1246 tc)

772 757 951 807 Liber
993 757 1187 808 XLlV.

383 998 576 1046 Principio
607 997 729 1042 veris,
761 997 863 1045 quod
894 997 1055 1033 hiemem
1087 1009 1192 1042 eam,
1233 1009 1310 1045 qua
1339 998 1419 1033 haec
1447 1002 1557 1045 gesta
1587 1003 1684 1032 sunt.

272 1069 481 1105 insecutum
513 1075 588 1113 est,
628 1068 676 1104 ab
708 1068 833 1104 Roma
863 1066 1056 1115 profectus
1088 1066 1134 1113 Q.
1167 1066 1335 1103 Marcius
1363 1067 1563 1115 Philippus
1594 1078 1684 1102 con-

272 1140 329 1175 sul
362 1152 446 1175 cum
479 1138 646 1186 quinque
677 1137 829 1173 milibus
860 1135 881 1153 *

884 1164 893 1178 ,
939 1137 1042 1184 quod
1072 1137 1375 1185 supplementum
1405 1137 1596 1185 legionum
1627 1148 1685 1172 se-

273 1221 356 1244 cum
389 1208 615 1244 traiecturus
645 1214 740 1251 erat,
762 1206 1006 1242 Brundisium
1030 1206 1216 1255 pervenit.
1275 1207 1329 1243 M.
1352 1206 1526 1255 Popilius
1551 1218 1685 1242 consu-

272 1278 362 1314 laris
393 1283 430 1313 et
459 1277 524 1313 alii
543 1277 627 1325 pari
647 1276 846 1312 nobilitate
872 1276 1134 1313 adulescentes
1155 1277 1294 1313 tribuni
1317 1276 1476 1312 militum
1499 1276 1536 1311 iu
1558 1275 1687 1311 Macc-

273 1347 430 1384 donicas
467 1346 637 1395 legiones
676 1346 870 1383 consulem
911 1346 1029 1382 secuti
1069 1352 1168 1382 sunt.
1230 1347 1307 1382 Per
1345 1358 1411 1382 eos
1448 1345 1528 1381 dies
1567 1353 1603 1381 et
1643 1344 1684 1382 (3.

274 1417 443 1453 Marcius
474 1416 634 1465 Figulus
665 1421 826 1464 praetor,
856 1416 915 1452 cui
946 1415 1078 1451 classis
1104 1416 1302 1464 provincia
1333 1422 1532 1460 evenerat,
1562 1414 1685 1451 Brun-

272 1487 407 1523 disium
441 1486 564 1526 venit:
597 1491 633 1522 et
662 1484 774 1521 simul
804 1498 851 1522 ex
878 1485 994 1522 Italia
1023 1485 1196 1534 profecti,
1222 1484 1431 1534 Corcyram
1463 1485 1584 1521 altero
1615 1484 1688 1529 die,

275 1556 383 1592 tertio
417 1555 585 1599 Actium,
617 1555 848 1591 Acarnaniae
879 1560 1044 1603 portum,
1078 1561 1290 1591 tenuerunt.
1339 1554 1434 1591 Inde
1465 1555 1609 1599 consul,
1640 1555 1689 1590 ad

273 1625 522 1662 Ambraciam
558 1636 746 1673 egressus,
781 1625 913 1660 itinere
942 1624 1112 1660 terrestri
1142 1625 1236 1673 petit
1271 1624 1524 1661 Thessaliam.
1583 1625 1687 1661 Prae-

272 1703 353 1738 tor,
384 1701 565 1742 superato
600 1695 789 1739 Leucata,
820 1694 1059 1731 Corinthium
1091 1695 1212 1730 sinum
1251 1694 1422 1730 invectus
1460 1700 1496 1730 et
1535 1693 1687 1731 Creusae

273 1764 412 1800 relictis
442 1763 617 1807 navibus,
651 1770 752 1800 terra
782 1770 818 1799 et
844 1765 926 1812 ipse
956 1777 1024 1812 per
1045 1764 1217 1800 mediam·
1237 1763 1426 1799 Boeotiam
1459 1763 1548 1810 (diei
1578 1763 1688 1799 unius

274 1834 451 1881 expedito
482 1833 553 1869 iter
584 1833 656 1878 est)
684 1832 905 1869 Chalcidem
937 1834 986 1869 ad
1017 1833 1176 1869 classem
1210 1833 1414 1869 contendit.
1475 1832 1613 1870 Castra
1643 1847 1688 1870 eo

272 1913 445 1952 tempore
475 1904 524 1940 A.
559 1902 749 1938 Hostilius
778 1903 814 1938 in
846 1902 1050 1939 Thessalia
1078 1903 1180 1938 circa
1210 1902 1539 1950 Palaepharsalum
1570 1903 1688 1939 habe-

274 1975 358 2017 bat,
395 1973 492 2010 sicut
529 1972 632 2008 nulla
663 1985 704 2008 re
734 1972 870 2009 bellica
904 1972 1141 2009 memorabili
1174 1979 1304 2021 gesta,
1342 1973 1395 2008 ita
1434 1972 1483 2008 ad
1513 1978 1687 2009 cunctam

275 2043 474 2079 militarem
505 2041 744 2090 disciplinam
777 2042 824 2078 ab
856 2040 978 2078 effusa
1008 2042 1160 2078 licentia
1188 2042 1356 2078 formato
1398 2041 1515 2078 milite
1553 2047 1590 2077 et
1628 2052 1687 2078 so-

276 2113 341 2148 ciis
373 2124 457 2148 cum
488 2112 561 2147 fide
593 2111 702 2148 cultis
725 2118 760 2148 et
793 2113 840 2148 ab
871 2112 972 2148 omni
994 2124 1133 2160 genere
1154 2112 1298 2148 iniuriae
1321 2110 1497 2148 defensis.
1545 2110 1689 2146 Audito

276 2315 302 2352 Ι,
338 2315 369 2351 1,
397 2317 416 2344 2
444 2323 510 2353 quo
536 2312 682 2343 marcius
745 2316 764 2343 3
794 2312 929 2343 milibus
961 2313 1049 2353 quod
1075 2311 1244 2343 Exczclisse
1269 2311 1379 2343 saltem
1405 2312 1551 2342 militum
1579 2310 1688 2351 (pedi-

276 2372 375 2409 tum),
402 2369 617 2410 sedforlasse
641 2369 748 2410 plura,
782 2368 945 2400 Creverz'us
971 2368 1059 2400 vidit.
1083 2371 1088 2409 Ι
1111 2370 1145 2400 in
1173 2370 1443 2410 supplementum
1476 2368 1588 2406 Gron.,
1615 2367 1687 2399 Em.

277 2440 351 2471 300¹
377 2451 405 2470 ιι.
485 2442 504 2469 4
531 2439 689 2470 traiectus
771 2437 803 2475 2,
831 2443 849 2469 2
889 2445 921 2469 et
947 2438 1013 2469 alia
1035 2438 1040 2476 Ι
1063 2426 1092 2469 t}-
1117 2438 1186 2469 mil.
1261 2438 1294 2474 4,
1321 2441 1339 2468 2
1380 2438 1653 2468 tinercterrestris
1683 2439 1686 2476 ζ

277 2497 450 2528 tessaliam
517 2500 535 2526 4
563 2496 696 2527 relictus
733 2512 736 2534 1
773 2496 919 2526 boetiam
955 2496 1026 2526 dies
1091 2499 1108 2525 5
1148 2494 1246 2537 Gryn.
1280 2495 1410 2533 itinere,
1457 2495 1569 2526 onu'sso
1599 2500 1650 2525 cst
1682 2496 1686 2534 ξ

278 2554 462 2585 cah-hidem
526 2553 556 2584 5.
586 2557 603 2583 2
631 2553 906 2594 phalepamalum
974 2556 992 2583 3
1029 2553 1134 2584 multa
1160 2563 1193 2584 re
1216 2555 1219 2592 Ι
1243 2553 1288 2583 ita
1314 2553 1509 2583 adiunctam
1537 2551 1686 2594 (Kreyss.

277 2613 317 2642 ad
345 2611 480 2647 iustam)
