1742 2902
144 727 194 773 17

316 129 361 164 18
688 126 789 156 Liber
813 124 906 156 XLI.
958 125 1018 165 (A.
1035 135 1066 158 u.
1083 135 1111 159 c.
1129 126 1225 164 578.)

198 249 219 284 8
251 248 383 285 movit.
450 248 557 283 Intra
588 246 775 289 triduum,
823 258 936 294 quam
969 259 1194 295 oppugnare
1232 252 1419 294 coeperat,
1468 253 1661 296 receptam

253 330 300 354 ex
329 317 503 353 hostibus
548 316 692 351 colonis
733 316 908 352 restituit.
973 317 1075 353 VIII
1109 316 1211 351 milia
1250 317 1299 352 ibi
1334 316 1516 363 Ligurum
1560 316 1662 352 intra

197 384 219 419 9
253 398 382 423 muros
413 397 531 428 caesa3
564 385 773 433 litteraeque
806 386 967 422 Romam
999 385 1190 433 extemplo
1222 386 1390 434 scriptae,
1422 386 1559 433 quibus
1587 398 1663 422 non

253 456 367 492 modo
397 467 475 490 rem
509 462 735 502 exponeret‚
767 454 832 490 sed
864 455 976 490 etiam
1005 455 1244 503 gloriaretur,
1275 468 1344 491 sua
1363 456 1501 492 virtute
1519 468 1564 491 ae
1581 455 1663 491 feli-

252 527 366 562 citate
405 524 590 560 neminem
631 523 705 558 iam
747 523 800 559 cis
839 524 960 572 Alpes
1000 525 1146 560 hostem
1193 526 1323 573 populi
1366 525 1529 562 Romani
1577 537 1663 570 esse,

252 595 411 643 agrique
442 594 677 641 aliquantum
714 600 888 640 captum,
932 594 994 641 qui
1034 594 1160 630 multis
1200 595 1350 631 milibus
1380 596 1575 631 hominum
1607 595 1664 631 di-

251 665 329 701 vidi
361 664 501 700 viritim
534 669 675 711 posset.

370 734 418 769 Et
465 733 526 769 Ti.
573 732 823 780 Sempronius
877 733 1009 768 eodem
1057 740 1227 781 tempore
1273 734 1310 769 in
1358 733 1538 771 Sardinia
1569 734 1663 770 mul-

251 803 298 839 tis
341 803 517 838 secundis
559 802 703 850 proeliis
748 801 893 838 Sardos
934 803 1161 850 perdomuit.
1241 804 1321 839 XV
1353 804 1454 840 milia
1497 805 1662 840 hostium

198 874 218 909 10

251 880 336 908 ¹sunt
368 884 479 907 caesa.
546 871 690 908 Omnes
722 871 931 908 Sardorum
968 873 1119 920 populi.
1151 874 1214 921 qui
1247 874 1487 916 defecerant,
1537 872 1574 908 in
1607 872 1664 908 di-

253 942 399 978 cionem
432 942 590 978 redacti.
669 942 937 989 Stipendiariis
982 943 1174 978 veteribus
1213 943 1353 990 duplex
1397 942 1562 990 vectigal
1591 941 1664 978 im-

199 1014 218 1049 3
251 1019 425 1060 peratum
457 1019 730 1058 exactumque;
777 1011 891 1046 ceteri
923 1010 1152 1047 frumentum
1186 1012 1437 1047 contulerunt.
1517 1011 1665 1046 Pacata

250 1081 449 1129 provincia
481 1081 755 1129 opsidibusque
785 1093 833 1116 ex
866 1087 947 1116 tota
976 1081 1097 1116 insula
1119 1080 1312 1117 CCXXX
1337 1081 1515 1128 acceptis,
1547 1080 1664 1127 legati

250 1151 428 1192 Romam,
460 1151 523 1198 qui
555 1163 601 1187 ea
630 1151 869 1187 nuntiarent.
917 1151 1033 1193 missi,
1067 1151 1206 1198 quique
1237 1151 1285 1186 ab
1316 1157 1448 1186 senatu
1481 1156 1664 1198 peterent,

251 1226 291 1256 ut
322 1221 371 1255 ob
404 1232 469 1255 eas
504 1233 585 1263 res,
630 1221 743 1256 ductu
783 1221 1032 1268 auspicioque
1063 1222 1124 1258 Ti.
1157 1220 1359 1268 Semproni
1388 1232 1570 1268 prospere
1599 1232 1664 1268 ge-

250 1295 329 1326 stas
360 1289 431 1325 diis
462 1290 727 1326 inmortalibus
772 1291 893 1326 honos
938 1291 1163 1333 haberetur,
1203 1290 1353 1338 ipsique
1393 1289 1588 1325 decedenti
1619 1289 1666 1326 de

196 1365 217 1398 4
249 1360 449 1408 provincia
481 1359 688 1396 exercitum
725 1371 852 1395 secum
881 1361 1084 1408 deportare
1113 1359 1254 1395 liceret.
1310 1359 1487 1402 Senatus,
1518 1359 1554 1395 in
1585 1359 1665 1396 aede

253 1430 448 1478 Apollinis
476 1430 689 1477 legatorum
730 1431 858 1466 verbis
889 1431 1047 1474 auditis,
1078 1428 1394 1477 supplicationem
1438 1429 1475 1463 in
1506 1428 1663 1464 biduum

251 1499 419 1536 decrevit
463 1506 499 1535 et
530 1500 606 1535 XL
651 1500 861 1536 maioribus
906 1501 1039 1536 hostiis
1070 1497 1243 1536 consules
1287 1497 1505 1533 sacrificare
1537 1497 1665 1541 iussit;

251 1570 312 1606 Ti.
345 1568 613 1618 Sempronium
645 1569 910 1616 proconsulem
952 1570 1237 1615 exercitumque
1275 1580 1319 1603 eo
1356 1579 1457 1602 anuo
1498 1567 1534 1602 in
1571 1579 1665 1614 pro-

250 1639 376 1675 vincia
415 1651 581 1674 manere.
660 1637 828 1674 Comitia
873 1639 1009 1675 deiude
1053 1638 1218 1675 consulis
1263 1637 1372 1672 unius
1416 1636 1664 1685 subrogandi,

197 1644 218 1677 Q!

251 1721 331 1756 quse
361 1711 395 1744 in
433 1716 520 1744 ante
551 1707 648 1743 diem
682 1708 742 1743 Ill
787 1720 910 1744 nouas
940 1708 1104 1745 Sextiles
1146 1707 1269 1743 edicta
1314 1714 1441 1751 erant,
1490 1719 1534 1742 eo
1578 1706 1662 1754 ipso

197 1783 219 1818 6
251 1779 311 1814 die
341 1786 426 1814 sunt
462 1777 650 1815 confecta.
717 1777 764 1823 Q.
794 1777 954 1814 Petilius
983 1778 1115 1813 consul
1146 1777 1345 1825 collegam,
1376 1777 1439 1824 qui
1470 1776 1662 1824 extemplo

252 1848 518 1895 magistratum
551 1846 761 1894 occiperet,
796 1846 940 1881 creavit
971 1846 1014 1883 C.
1048 1847 1245 1883 Valerium
1278 1846 1490 1886 Laeviuum.
1560 1846 1661 1893 Ipse,

250 1917 326 1953 iam
373 1917 434 1952 diu
469 1916 628 1964 cupidus
667 1916 891 1964 provinoiaeq
937 1928 1020 1952 cum
1067 1923 1292 1964 opportuuae
1341 1915 1537 1963 cupiditati
1583 1915 1662 1951 eius

251 1986 384 2023 litterae
415 1986 554 2022 adlatae
586 1992 724 2030 essent7
755 1985 918 2033 Ligures
948 1985 1167 2030 rebellasse,
1216 1985 1326 2021 nonis
1357 1983 1564 2021 Sextilibus
1594 1996 1662 2032 pa-

249 2119 281 2156 S,
313 2123 323 2149 l
356 2125 432 2149 ante
460 2120 605 2149 triduum
634 2118 778 2149 Perizon.
811 2118 815 2156 Ι
845 2122 980 2157 recepta
1036 2122 1053 2147 2
1083 2107 1145 2147 uni
1165 2117 1209 2147 ibi
1261 2117 1291 2152 9,
1314 2120 1324 2146 l
1344 2115 1539 2154 littcraequae
1565 2119 1584 2146 3
1613 2115 1662 2146 sic

250 2176 335 2217 alpis
358 2177 362 2214 ΙΙ
384 2177 514 2207 hostem
543 2186 602 2216 pro
628 2177 768 2215 agrique
795 2173 883 2215 (My.
913 2183 985 2204 csse
1011 2172 1090 2204 add.
1115 2173 1188 2204 Em.
1211 2172 1316 2213 500.)
1369 2172 1484 2210 XVII,
1512 2173 1543 2209 1,
1574 2176 1585 2203 l
1618 2183 1658 2204 .c.

251 2234 460 2273 sempronius
487 2237 505 2263 2
520 2239 564 2265 Χῖι
591 2233 741 2263 hostium
758 2232 790 2265 2,
806 2235 823 2262 2
836 2232 1049 2271 stipendiaris
1067 2232 1070 2267 1
1086 2231 1306 2271 iumpcrntum
1324 2234 1342 2260 3
1360 2231 1478 2260 ceteris
1505 2230 1536 2267 3,
1553 2234 1571 2260 2
1586 2235 1663 2260 cota

252 2294 271 2321 3
287 2300 420 2330 quoque
452 2294 470 2320 4
489 2300 529 2320 .c.
547 2291 757 2329 sempronius
773 2298 932 2330 prospere
975 2292 992 2318 Γ)
1009 2289 1172 2319 decedent
1211 2291 1229 2318 6
1246 2289 1402 2318 secundae
1417 2293 1550 2328 portare
1591 2286 1624 2323 4,
1641 2291 1659 2317 2

251 2348 351 2378 aditis
370 2382 372 2387 Ι
390 2347 647 2387 suplicutionem
686 2352 705 2378 4
734 2353 768 2378 .t.
787 2347 1012 2386 sempronium
1043 2345 1073 2382 5,
1105 2349 1115 2375 l
1147 2345 1352 2382 subrogandi
1379 2351 1457 2375 ante
1475 2345 1560 2374 diem
1581 2343 1656 2375 .111.

251 2403 321 2446 Sis).
339 2404 458 2445 (Gr-yn.
477 2414 551 2444 quae
566 2406 670 2440 ante).
700 2402 768 2435 Sed
783 2402 979 2434 scribendum
1001 2403 1122 2433 deinde
1142 2402 1271 2433 consuli
1292 2402 1522 2441 subrogando,
1539 2411 1612 2441 quae
1626 2402 1659 2432 in

251 2463 326 2493 a.d.
346 2469 349 2497 ε
392 2466 409 2491 2
430 2467 501 2491 crat
537 2465 555 2491 3
573 2467 734 2492 consecta
781 2460 814 2496 6,
839 2464 851 2491 l
882 2466 903 2492 t.
932 2461 1066 2500 petilius
1094 2464 1111 2490 2
1133 2461 1392 2497 magistratuum
1410 2460 1413 2490 l
1432 2470 1472 2490 m.
1494 2459 1659 2490 ualerium

249 2519 400 2550 levinum
428 2518 536 2559 baylon.
562 2519 566 2557 l
589 2519 664 2549 iiset.
688 2519 753 2548 ium
782 2518 838 2548 diu
867 2518 937 2559 fils).
966 2517 1037 2548 Em.
1066 2517 1140 2549 502
1203 2517 1322 2557 (Gt-yn.
1351 2515 1378 2547 is
1404 2517 1470 2547 iam
1499 2516 1573 2552 diu)
1639 2519 1660 2546 4

249 2577 430 2619 paludatus
464 2575 582 2606 litteris
618 2576 740 2606 audit³s
784 2563 804 2607 a
832 2576 991 2606 tumultus
1042 2574 1209 2606 Lacunam
1234 2572 1386 2604 Duker-us
1415 2571 1660 2612 am'madvertit5

249 2640 387 2666 senatus
413 2631 492 2664 add.
520 2632 709 2674 Heusinyw,
738 2632 810 2674 My.
838 2631 910 2664 Em.
938 2631 1018 2664 501.
