<?xml version="1.0" encoding="UTF-8"?>
<!DOCTYPE html PUBLIC "-//W3C//DTD XHTML 1.0 Transitional//EN"
    "http://www.w3.org/TR/xhtml1/DTD/xhtml1-transitional.dtd">
<html xmlns="http://www.w3.org/1999/xhtml" xml:lang="en" lang="en">
 <head>
  <title>
</title>
<meta http-equiv="Content-Type" content="text/html;charset=utf-8" />
  <meta name='ocr-system' content='tesseract 3.04.00' />
  <meta name='ocr-capabilities' content='ocr_page ocr_carea ocr_par ocr_line ocrx_word'/>
</head>
<body>
  <div class='ocr_page' id='page_1' title='image "./p1historiarumrom04livyuoft_0140.png"; bbox 0 0 1742 2902; ppageno 0'>
   <div class='ocr_carea' id='block_1_1' title="bbox 207 332 248 365">
    <p class='ocr_par' dir='ltr' id='par_1_1' title="bbox 207 332 248 365">
     <span class='ocr_line' id='line_1_1' title="bbox 207 332 248 365; baseline 0 0"><span class='ocrx_word' id='word_1_1' title='bbox 207 332 248 365; x_wconf 77' lang='lat'>14</span> 
     </span>
    </p>
   </div>
   <div class='ocr_carea' id='block_1_2' title="bbox 204 469 248 503">
    <p class='ocr_par' dir='ltr' id='par_1_2' title="bbox 204 469 248 503">
     <span class='ocr_line' id='line_1_2' title="bbox 204 469 248 503; baseline 0.023 -1"><span class='ocrx_word' id='word_1_2' title='bbox 204 469 248 503; x_wconf 80' lang='lat'>15</span> 
     </span>
    </p>
   </div>
   <div class='ocr_carea' id='block_1_3' title="bbox 170 739 221 784">
    <p class='ocr_par' dir='ltr' id='par_1_3' title="bbox 170 739 221 784">
     <span class='ocr_line' id='line_1_3' title="bbox 170 739 221 784; baseline 0 0"><span class='ocrx_word' id='word_1_3' title='bbox 170 739 221 784; x_wconf 87' lang='grc'>63</span> 
     </span>
    </p>
   </div>
   <div class='ocr_carea' id='block_1_4' title="bbox 224 1786 242 1819">
    <p class='ocr_par' dir='ltr' id='par_1_4' title="bbox 224 1786 242 1819">
     <span class='ocr_line' id='line_1_4' title="bbox 224 1786 242 1819; textangle 90"><span class='ocrx_word' id='word_1_4' title='bbox 224 1786 242 1819; x_wconf 67' lang='lat'>0!</span> 
     </span>
    </p>
   </div>
   <div class='ocr_carea' id='block_1_5' title="bbox 343 137 1270 179">
    <p class='ocr_par' dir='ltr' id='par_1_5' title="bbox 343 137 1270 179">
     <span class='ocr_line' id='line_1_5' title="bbox 343 137 1270 179; baseline -0.009 -2"><span class='ocrx_word' id='word_1_5' title='bbox 343 143 416 177; x_wconf 82' lang='lat'>110</span> <span class='ocrx_word' id='word_1_6' title='bbox 700 138 803 169; x_wconf 77' lang='lat' dir='ltr'>Liber</span> <span class='ocrx_word' id='word_1_7' title='bbox 826 137 938 169; x_wconf 82' lang='lat' dir='ltr'>XLII.</span> <span class='ocrx_word' id='word_1_8' title='bbox 991 138 1050 179; x_wconf 87' lang='lat' dir='ltr'>(A.</span> <span class='ocrx_word' id='word_1_9' title='bbox 1070 148 1102 168; x_wconf 84' lang='lat' dir='ltr'>u.</span> <span class='ocrx_word' id='word_1_10' title='bbox 1125 147 1153 169; x_wconf 86' lang='lat' dir='ltr'>c.</span> <span class='ocrx_word' id='word_1_11' title='bbox 1176 138 1270 177; x_wconf 79' lang='lat'>583.)</span> 
     </span>
    </p>
   </div>
   <div class='ocr_carea' id='block_1_6' title="bbox 275 258 1719 1979">
    <p class='ocr_par' dir='ltr' id='par_1_6' title="bbox 278 258 1693 723">
     <span class='ocr_line' id='line_1_6' title="bbox 280 258 1689 310; baseline 0.001 -13"><span class='ocrx_word' id='word_1_12' title='bbox 280 261 386 310; x_wconf 88' lang='lat' dir='ltr'>pacis</span> <span class='ocrx_word' id='word_1_13' title='bbox 416 260 566 302; x_wconf 83' lang='lat' dir='ltr'>facere;</span> <span class='ocrx_word' id='word_1_14' title='bbox 611 258 710 294; x_wconf 88' lang='lat' dir='ltr'>ultro</span> <span class='ocrx_word' id='word_1_15' title='bbox 749 270 840 294; x_wconf 87' lang='lat' dir='ltr'>mox</span> <span class='ocrx_word' id='word_1_16' title='bbox 879 260 1123 306; x_wconf 71' lang='lat' dir='ltr'>quaesituros,</span> <span class='ocrx_word' id='word_1_17' title='bbox 1153 259 1255 306; x_wconf 89' lang='lat' dir='ltr'>qnod</span> <span class='ocrx_word' id='word_1_18' title='bbox 1286 259 1456 294; x_wconf 87' lang='lat' dir='ltr'>oblatum</span> <span class='ocrx_word' id='word_1_19' title='bbox 1483 258 1689 299; x_wconf 77' lang='lat' dir='ltr'><strong>fastidiant.</strong></span> 
     </span>
     <span class='ocr_line' id='line_1_7' title="bbox 282 328 1688 379; baseline 0.002 -13"><span class='ocrx_word' id='word_1_20' title='bbox 282 332 446 367; x_wconf 82' lang='lat' dir='ltr'>Perseus</span> <span class='ocrx_word' id='word_1_21' title='bbox 476 329 575 364; x_wconf 87' lang='lat' dir='ltr'>hanc</span> <span class='ocrx_word' id='word_1_22' title='bbox 604 328 728 375; x_wconf 84' lang='lat' dir='ltr'>ipsam</span> <span class='ocrx_word' id='word_1_23' title='bbox 759 329 978 375; x_wconf 85' lang='lat' dir='ltr'>superbiam</span> <span class='ocrx_word' id='word_1_24' title='bbox 1011 329 1171 377; x_wconf 86' lang='lat' dir='ltr'>(quippe</span> <span class='ocrx_word' id='word_1_25' title='bbox 1201 342 1248 364; x_wconf 88' lang='lat' dir='ltr'>ex</span> <span class='ocrx_word' id='word_1_26' title='bbox 1274 329 1414 365; x_wconf 85' lang='lat' dir='ltr'>fiducia</span> <span class='ocrx_word' id='word_1_27' title='bbox 1434 329 1569 365; x_wconf 87' lang='lat' dir='ltr'>virium</span> <span class='ocrx_word' id='word_1_28' title='bbox 1593 333 1688 379; x_wconf 83' lang='lat' dir='ltr'>esse)</span> 
     </span>
     <span class='ocr_line' id='line_1_8' title="bbox 281 398 1690 446; baseline 0.001 -10"><span class='ocrx_word' id='word_1_29' title='bbox 281 401 432 443; x_wconf 61' lang='lat' dir='ltr'>timere,</span> <span class='ocrx_word' id='word_1_30' title='bbox 477 405 512 433; x_wconf 87' lang='lat' dir='ltr'>et</span> <span class='ocrx_word' id='word_1_31' title='bbox 552 409 740 433; x_wconf 91' lang='lat' dir='ltr'>summam</span> <span class='ocrx_word' id='word_1_32' title='bbox 782 398 952 445; x_wconf 83' lang='lat' dir='ltr'>pecuniae</span> <span class='ocrx_word' id='word_1_33' title='bbox 982 411 1147 443; x_wconf 66' lang='lat' dir='ltr'>augens,</span> <span class='ocrx_word' id='word_1_34' title='bbox 1186 399 1217 434; x_wconf 88' lang='lat' dir='ltr'>si</span> <span class='ocrx_word' id='word_1_35' title='bbox 1248 399 1370 446; x_wconf 86' lang='lat' dir='ltr'>pretio</span> <span class='ocrx_word' id='word_1_36' title='bbox 1402 411 1535 446; x_wconf 85' lang='lat' dir='ltr'>pacem</span> <span class='ocrx_word' id='word_1_37' title='bbox 1567 413 1690 440; x_wconf 78' lang='lat' dir='ltr'>emere</span> 
     </span>
     <span class='ocr_line' id='line_1_9' title="bbox 280 467 1689 517; baseline 0.003 -15"><span class='ocrx_word' id='word_1_38' title='bbox 280 474 428 516; x_wconf 77' lang='lat' dir='ltr'>posset,</span> <span class='ocrx_word' id='word_1_39' title='bbox 472 480 549 503; x_wconf 88' lang='lat' dir='ltr'>non</span> <span class='ocrx_word' id='word_1_40' title='bbox 592 467 735 502; x_wconf 74' lang='lat' dir='ltr'>destitit</span> <span class='ocrx_word' id='word_1_41' title='bbox 780 468 947 503; x_wconf 87' lang='lat' dir='ltr'>animum</span> <span class='ocrx_word' id='word_1_42' title='bbox 995 468 1160 504; x_wconf 81' lang='lat' dir='ltr'>consulis</span> <span class='ocrx_word' id='word_1_43' title='bbox 1200 475 1399 516; x_wconf 86' lang='lat' dir='ltr'>temptare.</span> <span class='ocrx_word' id='word_1_44' title='bbox 1477 469 1689 517; x_wconf 85' lang='lat' dir='ltr'>Postquam</span> 
     </span>
     <span class='ocr_line' id='line_1_10' title="bbox 279 536 1693 588; baseline 0.003 -16"><span class='ocrx_word' id='word_1_45' title='bbox 279 537 372 572; x_wconf 85' lang='lat' dir='ltr'>nihil</span> <span class='ocrx_word' id='word_1_46' title='bbox 402 550 449 573; x_wconf 85' lang='lat' dir='ltr'>ex</span> <span class='ocrx_word' id='word_1_47' title='bbox 481 549 538 578; x_wconf 71' lang='lat' dir='ltr'>eo,</span> <span class='ocrx_word' id='word_1_48' title='bbox 571 536 672 584; x_wconf 91' lang='lat' dir='ltr'>quod</span> <span class='ocrx_word' id='word_1_49' title='bbox 698 537 822 584; x_wconf 88' lang='lat' dir='ltr'>primo</span> <span class='ocrx_word' id='word_1_50' title='bbox 848 538 1110 585; x_wconf 76' lang='lat' dir='ltr'>responderat,</span> <span class='ocrx_word' id='word_1_51' title='bbox 1143 539 1334 582; x_wconf 82' lang='lat' dir='ltr'>mutabat,</span> <span class='ocrx_word' id='word_1_52' title='bbox 1365 539 1567 586; x_wconf 83' lang='lat' dir='ltr'>desperata</span> <span class='ocrx_word' id='word_1_53' title='bbox 1598 552 1693 588; x_wconf 76' lang='lat' dir='ltr'>paco</span> 
     </span>
     <span class='ocr_line' id='line_1_11' title="bbox 280 605 1690 658; baseline 0.004 -17"><span class='ocrx_word' id='word_1_54' title='bbox 280 607 328 642; x_wconf 84' lang='lat' dir='ltr'>ad</span> <span class='ocrx_word' id='word_1_55' title='bbox 360 606 574 654; x_wconf 70' lang='lat' dir='ltr'>Sycurium,</span> <span class='ocrx_word' id='word_1_56' title='bbox 598 606 697 641; x_wconf 86' lang='lat' dir='ltr'>unde</span> <span class='ocrx_word' id='word_1_57' title='bbox 719 605 913 654; x_wconf 83' lang='lat' dir='ltr'>profectus</span> <span class='ocrx_word' id='word_1_58' title='bbox 938 613 1031 651; x_wconf 76' lang='lat' dir='ltr'>erat,</span> <span class='ocrx_word' id='word_1_59' title='bbox 1054 608 1177 651; x_wconf 77' lang='lat' dir='ltr'>rediit,</span> <span class='ocrx_word' id='word_1_60' title='bbox 1203 608 1291 643; x_wconf 88' lang='lat' dir='ltr'>belli</span> <span class='ocrx_word' id='word_1_61' title='bbox 1318 620 1446 644; x_wconf 88' lang='lat' dir='ltr'>casum</span> <span class='ocrx_word' id='word_1_62' title='bbox 1476 608 1523 644; x_wconf 90' lang='lat' dir='ltr'>de</span> <span class='ocrx_word' id='word_1_63' title='bbox 1545 609 1690 658; x_wconf 85' lang='lat' dir='ltr'>integro</span> 
     </span>
     <span class='ocr_line' id='line_1_12' title="bbox 278 680 545 723; baseline 0 -12"><span class='ocrx_word' id='word_1_64' title='bbox 278 680 545 723; x_wconf 82' lang='lat' dir='ltr'><strong>temptaturus.</strong></span> 
     </span>
    </p>

    <p class='ocr_par' dir='ltr' id='par_1_7' title="bbox 275 745 1719 1979">
     <span class='ocr_line' id='line_1_13' title="bbox 393 745 1693 795; baseline 0.004 -15"><span class='ocrx_word' id='word_1_65' title='bbox 393 746 517 780; x_wconf 82' lang='lat' dir='ltr'>Fama</span> <span class='ocrx_word' id='word_1_66' title='bbox 559 745 745 792; x_wconf 82' lang='lat' dir='ltr'>equestris</span> <span class='ocrx_word' id='word_1_67' title='bbox 782 758 920 795; x_wconf 82' lang='lat' dir='ltr'>pugnae</span> <span class='ocrx_word' id='word_1_68' title='bbox 969 746 1127 793; x_wconf 82' lang='lat' dir='ltr'>vulgata</span> <span class='ocrx_word' id='word_1_69' title='bbox 1175 759 1244 793; x_wconf 88' lang='lat' dir='ltr'>per</span> <span class='ocrx_word' id='word_1_70' title='bbox 1289 745 1481 783; x_wconf 64' lang='lat' dir='ltr'>Graeciam</span> <span class='ocrx_word' id='word_1_71' title='bbox 1536 747 1693 785; x_wconf 79' lang='lat' dir='ltr'>nudavit</span> 
     </span>
     <span class='ocr_line' id='line_1_14' title="bbox 279 814 1692 864; baseline 0.003 -15"><span class='ocrx_word' id='word_1_72' title='bbox 279 814 496 850; x_wconf 83' lang='lat' dir='ltr'>voluntates</span> <span class='ocrx_word' id='word_1_73' title='bbox 526 814 733 851; x_wconf 88' lang='lat' dir='ltr'>hominum.</span> <span class='ocrx_word' id='word_1_74' title='bbox 783 815 873 850; x_wconf 88' lang='lat' dir='ltr'>Non</span> <span class='ocrx_word' id='word_1_75' title='bbox 905 815 1003 851; x_wconf 88' lang='lat' dir='ltr'>enim</span> <span class='ocrx_word' id='word_1_76' title='bbox 1035 815 1156 851; x_wconf 85' lang='lat' dir='ltr'>solum</span> <span class='ocrx_word' id='word_1_77' title='bbox 1190 817 1253 863; x_wconf 87' lang='lat' dir='ltr'>qui</span> <span class='ocrx_word' id='word_1_78' title='bbox 1284 816 1404 864; x_wconf 86' lang='lat' dir='ltr'>partis</span> <span class='ocrx_word' id='word_1_79' title='bbox 1437 817 1692 855; x_wconf 83' lang='lat' dir='ltr'>Macedonum</span> 
     </span>
     <span class='ocr_line' id='line_1_15' title="bbox 279 884 1694 934; baseline 0.002 -14"><span class='ocrx_word' id='word_1_80' title='bbox 279 890 398 921; x_wconf 81' lang='lat' dir='ltr'>erant,</span> <span class='ocrx_word' id='word_1_81' title='bbox 429 884 495 919; x_wconf 84' lang='lat' dir='ltr'>sed</span> <span class='ocrx_word' id='word_1_82' title='bbox 525 884 697 931; x_wconf 85' lang='lat' dir='ltr'>plerique</span> <span class='ocrx_word' id='word_1_83' title='bbox 738 885 954 931; x_wconf 80' lang='lat' dir='ltr'>ingentibus</span> <span class='ocrx_word' id='word_1_84' title='bbox 985 885 1248 921; x_wconf 88' lang='lat' dir='ltr'>Romanorum</span> <span class='ocrx_word' id='word_1_85' title='bbox 1289 886 1448 934; x_wconf 85' lang='lat' dir='ltr'>obligati</span> <span class='ocrx_word' id='word_1_86' title='bbox 1489 886 1694 933; x_wconf 77' lang='lat' dir='ltr'>beneficiis,</span> 
     </span>
     <span class='ocr_line' id='line_1_16' title="bbox 280 954 1691 1002; baseline 0.003 -14"><span class='ocrx_word' id='word_1_87' title='bbox 280 954 434 1000; x_wconf 85' lang='lat' dir='ltr'>quidam</span> <span class='ocrx_word' id='word_1_88' title='bbox 475 954 551 989; x_wconf 85' lang='lat' dir='ltr'>vim</span> <span class='ocrx_word' id='word_1_89' title='bbox 595 955 891 1002; x_wconf 78' lang='lat' dir='ltr'>superbiamque</span> <span class='ocrx_word' id='word_1_90' title='bbox 928 957 1063 1000; x_wconf 57' lang='lat' dir='ltr'>reniam</span> <span class='ocrx_word' id='word_1_91' title='bbox 1105 956 1271 1002; x_wconf 72' lang='lat' dir='ltr'>experti,</span> <span class='ocrx_word' id='word_1_92' title='bbox 1314 955 1387 991; x_wconf 84' lang='lat' dir='ltr'>laeti</span> <span class='ocrx_word' id='word_1_93' title='bbox 1427 968 1510 991; x_wconf 86' lang='lat' dir='ltr'>eam</span> <span class='ocrx_word' id='word_1_94' title='bbox 1548 955 1691 993; x_wconf 84' lang='lat' dir='ltr'>famam</span> 
     </span>
     <span class='ocr_line' id='line_1_17' title="bbox 279 1025 1688 1072; baseline 0.003 -14"><span class='ocrx_word' id='word_1_95' title='bbox 279 1036 473 1071; x_wconf 67' lang='lat' dir='ltr'>accepere-</span> <span class='ocrx_word' id='word_1_96' title='bbox 502 1036 577 1059; x_wconf 89' lang='lat' dir='ltr'>non</span> <span class='ocrx_word' id='word_1_97' title='bbox 608 1025 658 1060; x_wconf 73' lang='lat' dir='ltr'>bb</span> <span class='ocrx_word' id='word_1_98' title='bbox 691 1025 803 1060; x_wconf 88' lang='lat' dir='ltr'>aliam</span> <span class='ocrx_word' id='word_1_99' title='bbox 832 1036 987 1059; x_wconf 84' lang='lat' dir='ltr'>causam</span> <span class='ocrx_word' id='word_1_100' title='bbox 1015 1037 1128 1071; x_wconf 90' lang='lat' dir='ltr'>quam</span> <span class='ocrx_word' id='word_1_101' title='bbox 1156 1037 1278 1072; x_wconf 76' lang='lat' dir='ltr'>pravo</span> <span class='ocrx_word' id='word_1_102' title='bbox 1304 1025 1443 1065; x_wconf 74' lang='lat' dir='ltr'>studit),</span> <span class='ocrx_word' id='word_1_103' title='bbox 1470 1038 1545 1072; x_wconf 88' lang='lat' dir='ltr'>quo</span> <span class='ocrx_word' id='word_1_104' title='bbox 1575 1026 1688 1062; x_wconf 81' lang='lat' dir='ltr'>etiam</span> 
     </span>
     <span class='ocr_line' id='line_1_18' title="bbox 278 1092 1692 1142; baseline 0.002 -13"><span class='ocrx_word' id='word_1_105' title='bbox 278 1095 314 1129; x_wconf 91' lang='lat' dir='ltr'>in</span> <span class='ocrx_word' id='word_1_106' title='bbox 347 1092 615 1129; x_wconf 68' lang='lat' dir='ltr'>certaminibus</span> <span class='ocrx_word' id='word_1_107' title='bbox 646 1093 799 1129; x_wconf 80' lang='lat' dir='ltr'>ludicris</span> <span class='ocrx_word' id='word_1_108' title='bbox 826 1094 962 1141; x_wconf 81' lang='lat' dir='ltr'>vulgus</span> <span class='ocrx_word' id='word_1_109' title='bbox 986 1094 1114 1138; x_wconf 77' lang='lat' dir='ltr'>utitur,</span> <span class='ocrx_word' id='word_1_110' title='bbox 1145 1094 1324 1130; x_wconf 85' lang='lat' dir='ltr'>deteriori</span> <span class='ocrx_word' id='word_1_111' title='bbox 1349 1095 1474 1142; x_wconf 86' lang='lat' dir='ltr'>adque</span> <span class='ocrx_word' id='word_1_112' title='bbox 1496 1095 1692 1133; x_wconf 83' lang='lat' dir='ltr'>infirmiori</span> 
     </span>
     <span class='ocr_line' id='line_1_19' title="bbox 279 1163 1693 1211; baseline 0.001 -12"><span class='ocrx_word' id='word_1_113' title='bbox 279 1163 457 1199; x_wconf 81' lang='lat' dir='ltr'>favendo.</span> <span class='ocrx_word' id='word_1_114' title='bbox 527 1163 675 1199; x_wconf 87' lang='lat' dir='ltr'>Eodem</span> <span class='ocrx_word' id='word_1_115' title='bbox 721 1170 893 1211; x_wconf 82' lang='lat' dir='ltr'>tempore</span> <span class='ocrx_word' id='word_1_116' title='bbox 937 1164 974 1199; x_wconf 90' lang='lat' dir='ltr'>in</span> <span class='ocrx_word' id='word_1_117' title='bbox 1018 1164 1170 1199; x_wconf 85' lang='lat' dir='ltr'>Boeotia</span> <span class='ocrx_word' id='word_1_118' title='bbox 1208 1176 1357 1200; x_wconf 81' lang='lat' dir='ltr'>summa</span> <span class='ocrx_word' id='word_1_119' title='bbox 1393 1165 1430 1200; x_wconf 94' lang='lat' dir='ltr'>vi</span> <span class='ocrx_word' id='word_1_120' title='bbox 1474 1165 1693 1202; x_wconf 75' lang='lat' dir='ltr'>Haliartum</span> 
     </span>
     <span class='ocr_line' id='line_1_20' title="bbox 281 1232 1692 1281; baseline 0.003 -14"><span class='ocrx_word' id='word_1_121' title='bbox 281 1232 479 1267; x_wconf 83' lang='lat' dir='ltr'>Lucretius</span> <span class='ocrx_word' id='word_1_122' title='bbox 509 1239 651 1279; x_wconf 78' lang='lat' dir='ltr'>praetor</span> <span class='ocrx_word' id='word_1_123' title='bbox 681 1234 950 1280; x_wconf 82' lang='lat' dir='ltr'>oppugnabat:</span> <span class='ocrx_word' id='word_1_124' title='bbox 981 1239 1017 1269; x_wconf 88' lang='lat' dir='ltr'>et</span> <span class='ocrx_word' id='word_1_125' title='bbox 1048 1246 1280 1281; x_wconf 86' lang='lat' dir='ltr'>quamquam</span> <span class='ocrx_word' id='word_1_126' title='bbox 1303 1247 1372 1270; x_wconf 87' lang='lat' dir='ltr'>nee</span> <span class='ocrx_word' id='word_1_127' title='bbox 1398 1235 1593 1270; x_wconf 83' lang='lat' dir='ltr'>habebant</span> <span class='ocrx_word' id='word_1_128' title='bbox 1628 1248 1692 1271; x_wconf 85' lang='lat' dir='ltr'>ex-</span> 
     </span>
     <span class='ocr_line' id='line_1_21' title="bbox 279 1302 1695 1352; baseline 0.004 -16"><span class='ocrx_word' id='word_1_129' title='bbox 279 1311 388 1337; x_wconf 78' lang='lat' dir='ltr'>terna</span> <span class='ocrx_word' id='word_1_130' title='bbox 419 1302 564 1337; x_wconf 82' lang='lat' dir='ltr'>auxilia</span> <span class='ocrx_word' id='word_1_131' title='bbox 594 1302 739 1338; x_wconf 77' lang='lat' dir='ltr'>obsessi</span> <span class='ocrx_word' id='word_1_132' title='bbox 770 1310 907 1350; x_wconf 82' lang='lat' dir='ltr'>praeter</span> <span class='ocrx_word' id='word_1_133' title='bbox 938 1302 1210 1339; x_wconf 62' lang='lat' dir='ltr'>Coronaeorum</span> <span class='ocrx_word' id='word_1_134' title='bbox 1247 1304 1435 1349; x_wconf 68' lang='lat' dir='ltr'>iuniores,</span> <span class='ocrx_word' id='word_1_135' title='bbox 1475 1305 1539 1351; x_wconf 83' lang='lat' dir='ltr'>qui</span> <span class='ocrx_word' id='word_1_136' title='bbox 1571 1305 1695 1352; x_wconf 80' lang='lat' dir='ltr'>prima</span> 
     </span>
     <span class='ocr_line' id='line_1_22' title="bbox 280 1372 1719 1421; baseline 0.001 -15"><span class='ocrx_word' id='word_1_137' title='bbox 280 1372 479 1407; x_wconf 77' lang='lat' dir='ltr'>obsidione</span> <span class='ocrx_word' id='word_1_138' title='bbox 506 1372 645 1407; x_wconf 87' lang='lat' dir='ltr'>moenia</span> <span class='ocrx_word' id='word_1_139' title='bbox 669 1372 919 1417; x_wconf 75' lang='lat' dir='ltr'>intraverant,</span> <span class='ocrx_word' id='word_1_140' title='bbox 949 1385 1073 1420; x_wconf 87' lang='lat' dir='ltr'>neque</span> <span class='ocrx_word' id='word_1_141' title='bbox 1097 1375 1317 1421; x_wconf 69' lang='lat' dir='ltr'>sperabant,</span> <span class='ocrx_word' id='word_1_142' title='bbox 1349 1380 1475 1409; x_wconf 86' lang='lat' dir='ltr'>tamen</span> <span class='ocrx_word' id='word_1_143' title='bbox 1508 1374 1579 1421; x_wconf 84' lang='lat' dir='ltr'>ipsi</span> <span class='ocrx_word' id='word_1_144' title='bbox 1611 1375 1719 1411; x_wconf 81' lang='lat' dir='ltr'>ani-.</span> 
     </span>
     <span class='ocr_line' id='line_1_23' title="bbox 279 1441 1693 1491; baseline 0.003 -15"><span class='ocrx_word' id='word_1_145' title='bbox 279 1441 348 1476; x_wconf 84' lang='lat' dir='ltr'>mis</span> <span class='ocrx_word' id='word_1_146' title='bbox 390 1441 512 1488; x_wconf 81' lang='lat' dir='ltr'>magis</span> <span class='ocrx_word' id='word_1_147' title='bbox 555 1454 669 1488; x_wconf 87' lang='lat' dir='ltr'>quam</span> <span class='ocrx_word' id='word_1_148' title='bbox 711 1442 856 1477; x_wconf 85' lang='lat' dir='ltr'>viribus</span> <span class='ocrx_word' id='word_1_149' title='bbox 897 1443 1137 1478; x_wconf 77' lang='lat' dir='ltr'>resistebant.</span> <span class='ocrx_word' id='word_1_150' title='bbox 1205 1443 1307 1478; x_wconf 87' lang='lat' dir='ltr'>Nam</span> <span class='ocrx_word' id='word_1_151' title='bbox 1340 1449 1377 1479; x_wconf 86' lang='lat' dir='ltr'>et.</span> <span class='ocrx_word' id='word_1_152' title='bbox 1409 1445 1626 1491; x_wconf 78' lang='lat' dir='ltr'>eruptiones</span> <span class='ocrx_word' id='word_1_153' title='bbox 1656 1444 1693 1480; x_wconf 87' lang='lat' dir='ltr'>in</span> 
     </span>
     <span class='ocr_line' id='line_1_24' title="bbox 279 1510 1693 1559; baseline 0.003 -13"><span class='ocrx_word' id='word_1_154' title='bbox 279 1523 397 1559; x_wconf 86' lang='lat' dir='ltr'>opera</span> <span class='ocrx_word' id='word_1_155' title='bbox 431 1511 566 1546; x_wconf 86' lang='lat' dir='ltr'>crebro</span> <span class='ocrx_word' id='word_1_156' title='bbox 603 1510 816 1552; x_wconf 70' lang='lat' dir='ltr'>faciebant,</span> <span class='ocrx_word' id='word_1_157' title='bbox 863 1518 899 1547; x_wconf 79' lang='lat' dir='ltr'>et</span> <span class='ocrx_word' id='word_1_158' title='bbox 941 1512 1096 1548; x_wconf 80' lang='lat' dir='ltr'>arietem</span> <span class='ocrx_word' id='word_1_159' title='bbox 1129 1513 1325 1548; x_wconf 90' lang='lat' dir='ltr'>admotum</span> <span class='ocrx_word' id='word_1_160' title='bbox 1357 1525 1455 1548; x_wconf 89' lang='lat' dir='ltr'>nunc</span> <span class='ocrx_word' id='word_1_161' title='bbox 1485 1514 1547 1534; x_wconf 65' lang='lat'>*³⁶⁶</span> <span class='ocrx_word' id='word_1_162' title='bbox 1578 1514 1693 1550; x_wconf 85' lang='lat' dir='ltr'>libra.-</span> 
     </span>
     <span class='ocr_line' id='line_1_25' title="bbox 278 1581 1692 1630; baseline 0.002 -15"><span class='ocrx_word' id='word_1_163' title='bbox 278 1588 404 1616; x_wconf 88' lang='lat' dir='ltr'>mento</span> <span class='ocrx_word' id='word_1_164' title='bbox 436 1581 580 1628; x_wconf 84' lang='lat' dir='ltr'>plumbi</span> <span class='ocrx_word' id='word_1_165' title='bbox 612 1587 814 1627; x_wconf 79' lang='lat' dir='ltr'>gravatum</span> <span class='ocrx_word' id='word_1_166' title='bbox 848 1581 896 1617; x_wconf 86' lang='lat' dir='ltr'>ad</span> <span class='ocrx_word' id='word_1_167' title='bbox 927 1587 1069 1618; x_wconf 83' lang='lat' dir='ltr'>terram</span> <span class='ocrx_word' id='word_1_168' title='bbox 1104 1583 1336 1629; x_wconf 74' lang='lat' dir='ltr'>urguebant,</span> <span class='ocrx_word' id='word_1_169' title='bbox 1377 1590 1413 1618; x_wconf 83' lang='lat' dir='ltr'>et</span> <span class='ocrx_word' id='word_1_170' title='bbox 1449 1583 1479 1618; x_wconf 86' lang='lat' dir='ltr'>si</span> <span class='ocrx_word' id='word_1_171' title='bbox 1519 1595 1595 1630; x_wconf 86' lang='lat' dir='ltr'>qua</span> <span class='ocrx_word' id='word_1_172' title='bbox 1625 1583 1692 1619; x_wconf 86' lang='lat' dir='ltr'>de-</span> 
     </span>
     <span class='ocr_line' id='line_1_26' title="bbox 278 1650 1692 1698; baseline 0.002 -12"><span class='ocrx_word' id='word_1_173' title='bbox 278 1651 420 1686; x_wconf 86' lang='lat' dir='ltr'>clinare</span> <span class='ocrx_word' id='word_1_174' title='bbox 450 1650 701 1697; x_wconf 80' lang='lat' dir='ltr'>nequiverant</span> <span class='ocrx_word' id='word_1_175' title='bbox 731 1651 860 1690; x_wconf 69' lang='lat' dir='ltr'>ictum,</span> <span class='ocrx_word' id='word_1_176' title='bbox 893 1664 963 1698; x_wconf 86' lang='lat' dir='ltr'>pro</span> <span class='ocrx_word' id='word_1_177' title='bbox 990 1652 1115 1687; x_wconf 82' lang='lat' dir='ltr'>diruto</span> <span class='ocrx_word' id='word_1_178' title='bbox 1142 1665 1251 1688; x_wconf 83' lang='lat' dir='ltr'>muro</span> <span class='ocrx_word' id='word_1_179' title='bbox 1275 1665 1416 1688; x_wconf 85' lang='lat' dir='ltr'>novum</span> <span class='ocrx_word' id='word_1_180' title='bbox 1445 1653 1692 1690; x_wconf 81' lang='lat' dir='ltr'>tumultuario</span> 
     </span>
     <span class='ocr_line' id='line_1_27' title="bbox 277 1719 1690 1769; baseline 0.004 -15"><span class='ocrx_word' id='word_1_181' title='bbox 277 1733 403 1767; x_wconf 89' lang='lat' dir='ltr'>opere.</span> <span class='ocrx_word' id='word_1_182' title='bbox 434 1719 571 1767; x_wconf 87' lang='lat' dir='ltr'>raptim</span> <span class='ocrx_word' id='word_1_183' title='bbox 603 1732 649 1755; x_wconf 85' lang='lat' dir='ltr'>ex</span> <span class='ocrx_word' id='word_1_184' title='bbox 680 1720 763 1768; x_wconf 75' lang='lat' dir='ltr'>ipsa</span> <span class='ocrx_word' id='word_1_185' title='bbox 794 1721 912 1756; x_wconf 81' lang='lat' dir='ltr'>ruinae</span> <span class='ocrx_word' id='word_1_186' title='bbox 934 1728 1062 1769; x_wconf 79' lang='lat' dir='ltr'>strage</span> <span class='ocrx_word' id='word_1_187' title='bbox 1084 1719 1273 1769; x_wconf 82' lang='lat' dir='ltr'>congestis</span> <span class='ocrx_word' id='word_1_188' title='bbox 1301 1722 1419 1766; x_wconf 74' lang='lat' dir='ltr'>saxis,</span> <span class='ocrx_word' id='word_1_189' title='bbox 1450 1724 1690 1759; x_wconf 83' lang='lat' dir='ltr'>extruebant.</span> 
     </span>
     <span class='ocr_line' id='line_1_28' title="bbox 276 1789 1690 1841; baseline 0.001 -14"><span class='ocrx_word' id='word_1_190' title='bbox 276 1789 371 1827; x_wconf 76' lang='lat' dir='ltr'>Cum</span> <span class='ocrx_word' id='word_1_191' title='bbox 409 1790 587 1837; x_wconf 78' lang='lat' dir='ltr'>operibus</span> <span class='ocrx_word' id='word_1_192' title='bbox 627 1789 763 1826; x_wconf 86' lang='lat' dir='ltr'>lentior</span> <span class='ocrx_word' id='word_1_193' title='bbox 793 1793 1013 1838; x_wconf 69' lang='lat' dir='ltr'>oppuqnatz&#39;o</span> <span class='ocrx_word' id='word_1_194' title='bbox 1054 1798 1172 1835; x_wconf 62' lang='lat' dir='ltr'>esset,</span> <span class='ocrx_word' id='word_1_195' title='bbox 1213 1791 1337 1826; x_wconf 87' lang='lat' dir='ltr'>scalas</span> <span class='ocrx_word' id='word_1_196' title='bbox 1375 1804 1444 1839; x_wconf 87' lang='lat' dir='ltr'>per</span> <span class='ocrx_word' id='word_1_197' title='bbox 1474 1793 1690 1841; x_wconf 82' lang='lat' dir='ltr'>manipulos</span> 
     </span>
     <span class='ocr_line' id='line_1_29' title="bbox 276 1858 1690 1909; baseline 0.002 -14"><span class='ocrx_word' id='word_1_198' title='bbox 276 1859 393 1895; x_wconf 81' lang='lat' dir='ltr'>dividi</span> <span class='ocrx_word' id='word_1_199' title='bbox 425 1865 564 1906; x_wconf 83' lang='lat' dir='ltr'>praetor</span> <span class='ocrx_word' id='word_1_200' title='bbox 594 1860 720 1903; x_wconf 64' lang='lat' dir='ltr'>iussit,</span> <span class='ocrx_word' id='word_1_201' title='bbox 763 1858 841 1909; x_wconf 90' lang='lat' dir='ltr'>[ut]</span> <span class='ocrx_word' id='word_1_202' title='bbox 886 1873 1029 1896; x_wconf 88' lang='lat' dir='ltr'>corona</span> <span class='ocrx_word' id='word_1_203' title='bbox 1059 1861 1225 1908; x_wconf 84' lang='lat' dir='ltr'>undique</span> <span class='ocrx_word' id='word_1_204' title='bbox 1255 1861 1394 1897; x_wconf 83' lang='lat' dir='ltr'>moenia</span> <span class='ocrx_word' id='word_1_205' title='bbox 1427 1862 1690 1909; x_wconf 76' lang='lat' dir='ltr'>adgressurus,</span> 
     </span>
     <span class='ocr_line' id='line_1_30' title="bbox 275 1927 1690 1979; baseline 0.003 -15"><span class='ocrx_word' id='word_1_206' title='bbox 275 1942 320 1965; x_wconf 84' lang='lat' dir='ltr'>eo</span> <span class='ocrx_word' id='word_1_207' title='bbox 363 1929 486 1977; x_wconf 79' lang='lat' dir='ltr'>magis</span> <span class='ocrx_word' id='word_1_208' title='bbox 526 1927 771 1965; x_wconf 85' lang='lat' dir='ltr'>suffecturam</span> <span class='ocrx_word' id='word_1_209' title='bbox 818 1930 865 1965; x_wconf 87' lang='lat' dir='ltr'>ad</span> <span class='ocrx_word' id='word_1_210' title='bbox 908 1930 944 1965; x_wconf 84' lang='lat' dir='ltr'>id</span> <span class='ocrx_word' id='word_1_211' title='bbox 978 1930 1252 1966; x_wconf 85' lang='lat' dir='ltr'>multitudinem</span> <span class='ocrx_word' id='word_1_212' title='bbox 1284 1937 1411 1968; x_wconf 74' lang='lat' dir='ltr'>ratus.</span> <span class='ocrx_word' id='word_1_213' title='bbox 1451 1932 1572 1979; x_wconf 74' lang='lat' dir='ltr'>quod,</span> <span class='ocrx_word' id='word_1_214' title='bbox 1614 1945 1690 1979; x_wconf 87' lang='lat' dir='ltr'>qua</span> 
     </span>
    </p>
   </div>
   <div class='ocr_carea' id='block_1_7' title="bbox 274 1999 1688 2050">
    <p class='ocr_par' dir='ltr' id='par_1_8' title="bbox 274 1999 1688 2050">
     <span class='ocr_line' id='line_1_31' title="bbox 274 1999 1688 2050; baseline 0.002 -15"><span class='ocrx_word' id='word_1_215' title='bbox 274 2006 384 2048; x_wconf 87' lang='lat' dir='ltr'>parte</span> <span class='ocrx_word' id='word_1_216' title='bbox 414 1999 524 2047; x_wconf 85' lang='lat' dir='ltr'>palus</span> <span class='ocrx_word' id='word_1_217' title='bbox 554 1999 687 2034; x_wconf 86' lang='lat' dir='ltr'>urbem</span> <span class='ocrx_word' id='word_1_218' title='bbox 713 1999 841 2048; x_wconf 66' lang='lat' dir='ltr'>cingit,</span> <span class='ocrx_word' id='word_1_219' title='bbox 872 2013 941 2036; x_wconf 89' lang='lat' dir='ltr'>nee</span> <span class='ocrx_word' id='word_1_220' title='bbox 973 2000 1170 2036; x_wconf 78' lang='lat' dir='ltr'>adtinebat</span> <span class='ocrx_word' id='word_1_221' title='bbox 1195 2001 1410 2049; x_wconf 82' lang='lat' dir='ltr'>oppugnari</span> <span class='ocrx_word' id='word_1_222' title='bbox 1434 2013 1503 2037; x_wconf 88' lang='lat' dir='ltr'>nec</span> <span class='ocrx_word' id='word_1_223' title='bbox 1525 2008 1688 2050; x_wconf 87' lang='lat' dir='ltr'>poterat.</span> 
     </span>
    </p>
   </div>
   <div class='ocr_carea' id='block_1_8' title="bbox 398 2099 582 2102">
    <p class='ocr_par' dir='ltr' id='par_1_9' title="bbox 398 2099 582 2102">
     <span class='ocr_line' id='line_1_32' title="bbox 398 2099 582 2102; baseline 0 0"><span class='ocrx_word' id='word_1_224' title='bbox 398 2099 582 2102; x_wconf 95' lang='lat' dir='ltr'> </span> 
     </span>
    </p>
   </div>
   <div class='ocr_carea' id='block_1_9' title="bbox 272 2163 1688 2491">
    <p class='ocr_par' dir='ltr' id='par_1_10' title="bbox 272 2163 1688 2491">
     <span class='ocr_line' id='line_1_33' title="bbox 275 2163 1688 2205; baseline 0 -9"><span class='ocrx_word' id='word_1_225' title='bbox 275 2169 293 2196; x_wconf 89' lang='lat'>3</span> <span class='ocrx_word' id='word_1_226' title='bbox 322 2166 521 2205; x_wconf 69' lang='lat' dir='ltr'>qumsiturus</span> <span class='ocrx_word' id='word_1_227' title='bbox 569 2163 790 2204; x_wconf 78' lang='lat' dir='ltr'>14‚2praet.io</span> <span class='ocrx_word' id='word_1_228' title='bbox 831 2168 849 2194; x_wconf 87' lang='lat'><strong>3</strong></span> <span class='ocrx_word' id='word_1_229' title='bbox 873 2164 1021 2194; x_wconf 88' lang='lat' dir='ltr'>animum</span> <span class='ocrx_word' id='word_1_230' title='bbox 1051 2169 1279 2204; x_wconf 72' lang='lat' dir='ltr'>contemptam</span> <span class='ocrx_word' id='word_1_231' title='bbox 1323 2164 1377 2197; x_wconf 87' lang='lat'>15.</span> <span class='ocrx_word' id='word_1_232' title='bbox 1404 2168 1421 2194; x_wconf 79' lang='lat'>‘2</span> <span class='ocrx_word' id='word_1_233' title='bbox 1445 2165 1688 2205; x_wconf 81' lang='lat' dir='ltr'>responderant</span> 
     </span>
     <span class='ocr_line' id='line_1_34' title="bbox 273 2221 1687 2262; baseline -0.001 -9"><span class='ocrx_word' id='word_1_234' title='bbox 273 2223 449 2253; x_wconf 85' lang='lat' dir='ltr'>mutabant</span> <span class='ocrx_word' id='word_1_235' title='bbox 473 2224 476 2260; x_wconf 91' lang='grc' dir='ltr'>Ι</span> <span class='ocrx_word' id='word_1_236' title='bbox 499 2232 582 2262; x_wconf 79' lang='lat' dir='ltr'>pace</span> <span class='ocrx_word' id='word_1_237' title='bbox 608 2222 772 2252; x_wconf 81' lang='lat' dir='ltr'>assurium</span> <span class='ocrx_word' id='word_1_238' title='bbox 824 2225 842 2251; x_wconf 90' lang='grc'><strong>3</strong></span> <span class='ocrx_word' id='word_1_239' title='bbox 870 2222 955 2251; x_wconf 86' lang='lat' dir='ltr'>redit</span> <span class='ocrx_word' id='word_1_240' title='bbox 1011 2221 1137 2255; x_wconf 78' lang='lat' dir='ltr'><strong>LXIII.</strong></span> <span class='ocrx_word' id='word_1_241' title='bbox 1165 2222 1196 2254; x_wconf 86' lang='grc'>1,</span> <span class='ocrx_word' id='word_1_242' title='bbox 1224 2226 1243 2251; x_wconf 88' lang='lat'><strong>4</strong></span> <span class='ocrx_word' id='word_1_243' title='bbox 1271 2222 1531 2262; x_wconf 83' lang='lat' dir='ltr'>superbiamque</span> <span class='ocrx_word' id='word_1_244' title='bbox 1558 2222 1687 2261; x_wconf 82' lang='lat' dir='ltr'>experti</span> 
     </span>
     <span class='ocr_line' id='line_1_35' title="bbox 274 2278 1683 2320; baseline 0 -11"><span class='ocrx_word' id='word_1_245' title='bbox 274 2280 345 2320; x_wconf 59' lang='lat' dir='ltr'>My.</span> <span class='ocrx_word' id='word_1_246' title='bbox 371 2287 441 2320; x_wconf 63' lang='lat' dir='ltr'>post</span> <span class='ocrx_word' id='word_1_247' title='bbox 472 2279 673 2316; x_wconf 48' lang='lat' dir='ltr'>(isonat-ium,</span> <span class='ocrx_word' id='word_1_248' title='bbox 700 2279 755 2319; x_wconf 73' lang='lat' dir='ltr'>qni</span> <span class='ocrx_word' id='word_1_249' title='bbox 781 2279 1005 2309; x_wconf 76' lang='lat' dir='ltr'>Macedonum</span> <span class='ocrx_word' id='word_1_250' title='bbox 1030 2278 1204 2319; x_wconf 71' lang='lat' dir='ltr'>supplebat.</span> <span class='ocrx_word' id='word_1_251' title='bbox 1241 2278 1350 2309; x_wconf 51' lang='lat' dir='ltr'>lt&#39;eets-s.</span> <span class='ocrx_word' id='word_1_252' title='bbox 1379 2279 1478 2317; x_wconf 74' lang='lat' dir='ltr'>regiS.</span> <span class='ocrx_word' id='word_1_253' title='bbox 1535 2278 1566 2312; x_wconf 76' lang='grc'>2,</span> <span class='ocrx_word' id='word_1_254' title='bbox 1598 2282 1609 2309; x_wconf 91' lang='lat'>1</span> <span class='ocrx_word' id='word_1_255' title='bbox 1641 2279 1683 2310; x_wconf 85' lang='lat' dir='ltr'>ab</span> 
     </span>
     <span class='ocr_line' id='line_1_36' title="bbox 273 2337 1686 2376; baseline -0.001 -9"><span class='ocrx_word' id='word_1_256' title='bbox 273 2338 373 2368; x_wconf 83' lang='lat' dir='ltr'>aliam</span> <span class='ocrx_word' id='word_1_257' title='bbox 417 2341 435 2366; x_wconf 79' lang='lat'><strong>2</strong></span> <span class='ocrx_word' id='word_1_258' title='bbox 464 2337 641 2367; x_wconf 77' lang='lat' dir='ltr'>infirmiore</span> <span class='ocrx_word' id='word_1_259' title='bbox 701 2337 733 2369; x_wconf 70' lang='lat'>3,</span> <span class='ocrx_word' id='word_1_260' title='bbox 757 2340 768 2366; x_wconf 87' lang='lat'>1</span> <span class='ocrx_word' id='word_1_261' title='bbox 799 2337 830 2367; x_wconf 88' lang='lat' dir='ltr'>in</span> <span class='ocrx_word' id='word_1_262' title='bbox 858 2337 1002 2367; x_wconf 84' lang='lat' dir='ltr'>boetiam</span> <span class='ocrx_word' id='word_1_263' title='bbox 1025 2337 1030 2372; x_wconf 68' lang='grc' dir='ltr'>ἵ</span> <span class='ocrx_word' id='word_1_264' title='bbox 1053 2337 1192 2366; x_wconf 86' lang='lat' dir='ltr'>aliarum</span> <span class='ocrx_word' id='word_1_265' title='bbox 1219 2337 1379 2366; x_wconf 82' lang='lat' dir='ltr'>lucretius</span> <span class='ocrx_word' id='word_1_266' title='bbox 1427 2339 1445 2366; x_wconf 83' lang='lat'>2</span> <span class='ocrx_word' id='word_1_267' title='bbox 1473 2341 1686 2376; x_wconf 68' lang='lat' dir='ltr'>oppugnarat</span> 
     </span>
     <span class='ocr_line' id='line_1_37' title="bbox 272 2391 1681 2434; baseline -0.001 -9"><span class='ocrx_word' id='word_1_268' title='bbox 272 2394 362 2425; x_wconf 73' lang='lat' dir='ltr'>Dnlc.</span> <span class='ocrx_word' id='word_1_269' title='bbox 387 2395 391 2433; x_wconf 79' lang='grc' dir='ltr'>Ι</span> <span class='ocrx_word' id='word_1_270' title='bbox 415 2395 543 2424; x_wconf 75' lang='lat' dir='ltr'>externi</span> <span class='ocrx_word' id='word_1_271' title='bbox 607 2398 625 2425; x_wconf 83' lang='lat'><strong>3</strong></span> <span class='ocrx_word' id='word_1_272' title='bbox 661 2395 920 2425; x_wconf 82' lang='lat' dir='ltr'>eoronitaeorum</span> <span class='ocrx_word' id='word_1_273' title='bbox 1014 2393 1053 2428; x_wconf 79' lang='grc'>4,</span> <span class='ocrx_word' id='word_1_274' title='bbox 1082 2397 1101 2423; x_wconf 83' lang='lat'><strong>2</strong></span> <span class='ocrx_word' id='word_1_275' title='bbox 1151 2403 1240 2423; x_wconf 86' lang='lat' dir='ltr'>nune</span> <span class='ocrx_word' id='word_1_276' title='bbox 1279 2393 1483 2424; x_wconf 82' lang='lat' dir='ltr'>libramento</span> <span class='ocrx_word' id='word_1_277' title='bbox 1529 2391 1681 2434; x_wconf 74' lang='lat' dir='ltr'>(Kreyss.</span> 
     </span>
     <span class='ocr_line' id='line_1_38' title="bbox 272 2449 1684 2491; baseline -0.001 -9"><span class='ocrx_word' id='word_1_278' title='bbox 272 2462 361 2482; x_wconf 85' lang='lat' dir='ltr'>nunc</span> <span class='ocrx_word' id='word_1_279' title='bbox 387 2452 476 2481; x_wconf 73' lang='lat' dir='ltr'>saxis</span> <span class='ocrx_word' id='word_1_280' title='bbox 504 2452 706 2489; x_wconf 61' lang='lat' dir='ltr'>ingentibus,</span> <span class='ocrx_word' id='word_1_281' title='bbox 733 2462 822 2482; x_wconf 84' lang='lat' dir='ltr'>nunc</span> <span class='ocrx_word' id='word_1_282' title='bbox 846 2452 1058 2481; x_wconf 78' lang='lat' dir='ltr'>libramento.</span> <span class='ocrx_word' id='word_1_283' title='bbox 1083 2450 1181 2491; x_wconf 53' lang='grc' dir='ltr'>(ἔφη.</span> <span class='ocrx_word' id='word_1_284' title='bbox 1202 2461 1260 2481; x_wconf 88' lang='lat' dir='ltr'>om.</span> <span class='ocrx_word' id='word_1_285' title='bbox 1281 2451 1386 2489; x_wconf 78' lang='lat' dir='ltr'>nunc.)</span> <span class='ocrx_word' id='word_1_286' title='bbox 1429 2453 1447 2480; x_wconf 88' lang='lat'>3</span> <span class='ocrx_word' id='word_1_287' title='bbox 1473 2449 1684 2480; x_wconf 78' lang='lat' dir='ltr'>declinarent</span> 
     </span>
    </p>
   </div>
   <div class='ocr_carea' id='block_1_10' title="bbox 270 2507 1682 2674">
    <p class='ocr_par' dir='ltr' id='par_1_11' title="bbox 270 2507 1682 2674">
     <span class='ocr_line' id='line_1_39' title="bbox 272 2507 1682 2560; baseline -0.001 -10"><span class='ocrx_word' id='word_1_288' title='bbox 272 2521 326 2560; x_wconf 89' lang='lat' dir='ltr'>qui</span> <span class='ocrx_word' id='word_1_289' title='bbox 354 2507 541 2557; x_wconf 58' lang='lat' dir='ltr'>nugslcrnnt.</span> <span class='ocrx_word' id='word_1_290' title='bbox 575 2519 695 2550; x_wconf 66' lang='lat' dir='ltr'>Vahlen</span> <span class='ocrx_word' id='word_1_291' title='bbox 722 2519 836 2551; x_wconf 71' lang='lat' dir='ltr'>Philol.</span> <span class='ocrx_word' id='word_1_292' title='bbox 865 2519 1007 2560; x_wconf 64' lang='grc'><em>18631».</em></span> <span class='ocrx_word' id='word_1_293' title='bbox 1028 2518 1099 2549; x_wconf 70' lang='lat'>156·</span> <span class='ocrx_word' id='word_1_294' title='bbox 1125 2518 1242 2559; x_wconf 64' lang='lat' dir='ltr'>(Grgsn.</span> <span class='ocrx_word' id='word_1_295' title='bbox 1271 2518 1481 2549; x_wconf 85' lang='lat' dir='ltr'>declinarent</span> <span class='ocrx_word' id='word_1_296' title='bbox 1515 2519 1570 2558; x_wconf 89' lang='lat' dir='ltr'>qui</span> <span class='ocrx_word' id='word_1_297' title='bbox 1604 2528 1682 2558; x_wconf 72' lang='lat' dir='ltr'>age-</span> 
     </span>
     <span class='ocr_line' id='line_1_40' title="bbox 271 2576 1682 2617; baseline 0 -10"><span class='ocrx_word' id='word_1_298' title='bbox 271 2576 353 2607; x_wconf 82' lang='lat' dir='ltr'>bant</span> <span class='ocrx_word' id='word_1_299' title='bbox 378 2578 498 2615; x_wconf 89' lang='lat' dir='ltr'>ictum)</span> <span class='ocrx_word' id='word_1_300' title='bbox 551 2580 568 2606; x_wconf 90' lang='lat'>5</span> <span class='ocrx_word' id='word_1_301' title='bbox 597 2587 699 2617; x_wconf 79' lang='lat' dir='ltr'>opera</span> <span class='ocrx_word' id='word_1_302' title='bbox 759 2577 790 2614; x_wconf 76' lang='lat'>5,</span> <span class='ocrx_word' id='word_1_303' title='bbox 823 2582 834 2607; x_wconf 87' lang='lat' dir='ltr'>l</span> <span class='ocrx_word' id='word_1_304' title='bbox 865 2578 1023 2617; x_wconf 86' lang='lat' dir='ltr'>operibus</span> <span class='ocrx_word' id='word_1_305' title='bbox 1049 2577 1153 2607; x_wconf 87' lang='lat' dir='ltr'>lentio</span> <span class='ocrx_word' id='word_1_306' title='bbox 1179 2581 1267 2607; x_wconf 86' lang='lat' dir='ltr'>esset</span> <span class='ocrx_word' id='word_1_307' title='bbox 1293 2576 1409 2616; x_wconf 40' lang='lat' dir='ltr'>(Gr-yn.</span> <span class='ocrx_word' id='word_1_308' title='bbox 1439 2576 1596 2616; x_wconf 85' lang='lat' dir='ltr'>operibus</span> <span class='ocrx_word' id='word_1_309' title='bbox 1621 2586 1682 2616; x_wconf 92' lang='lat' dir='ltr'>op-</span> 
     </span>
     <span class='ocr_line' id='line_1_41' title="bbox 270 2633 1117 2674; baseline 0.001 -11"><span class='ocrx_word' id='word_1_310' title='bbox 270 2635 432 2674; x_wconf 79' lang='lat' dir='ltr'>pugnatio</span> <span class='ocrx_word' id='word_1_311' title='bbox 458 2634 580 2664; x_wconf 84' lang='lat' dir='ltr'>lentior</span> <span class='ocrx_word' id='word_1_312' title='bbox 605 2634 705 2673; x_wconf 77' lang='lat' dir='ltr'>esset)</span> <span class='ocrx_word' id='word_1_313' title='bbox 757 2639 775 2664; x_wconf 83' lang='lat'><strong>2</strong></span> <span class='ocrx_word' id='word_1_314' title='bbox 804 2639 839 2664; x_wconf 87' lang='lat' dir='ltr'>ut</span> <span class='ocrx_word' id='word_1_315' title='bbox 865 2634 985 2664; x_wconf 65' lang='lat' dir='ltr'>notavit</span> <span class='ocrx_word' id='word_1_316' title='bbox 1008 2633 1117 2664; x_wconf 76' lang='lat' dir='ltr'>Drak.</span> 
     </span>
    </p>
   </div>
  </div>
 </body>
</html>
