1753 2934
193 1904 214 1939 8

314 112 389 146 252
661 108 761 138 Liber
787 107 896 138 XLV.
972 108 1029 146 (A.
1059 117 1089 138 u.
1116 117 1144 138 c.
1173 109 1264 144 587.)

255 230 424 279 percussi
465 229 537 265 viri
585 229 773 277 insignes,
823 230 1067 266 Andronicus
1108 229 1321 267 Andronici
1356 229 1455 265 filius
1496 229 1665 275 AEtolus,

256 299 371 347 quod,
402 305 548 347 patrem
580 306 743 345 secutuS,
774 312 882 336 arma
911 306 1043 335 contra
1065 300 1245 348 populum
1269 300 1484 336 Romanum
1508 298 1665 343 tulisset,

255 375 291 404 et
321 369 406 404 Neo
437 368 667 413 Thebanus,
705 381 780 416 quo
821 376 976 406 auctore
1010 370 1231 406 societatem
1263 380 1347 404 cum
1379 369 1523 404 Perseo
1554 368 1664 404 iunx-

254 444 372 473 eraut.

365 507 436 543 His
476 520 601 543 rerum
644 514 887 544 externarum
931 509 1211 556 cognitionibus
1248 508 1501 556 interpositiS,
1533 508 1665 544 Mace-

254 578 393 613 donum
426 588 556 612 rursus
588 578 818 613 advocatum
850 578 1063 613 concilium.
1134 578 1451 621 Pronuntiatum,
1483 577 1585 624 quod
1616 577 1665 613 ad

253 655 392 683 statum
413 647 651 682 Macedoniae
682 647 907 695 pertinebat,
938 654 1148 691 senatores,
1179 660 1275 695 quos
1299 647 1482 696 synedros
1513 652 1665 691 vocant,

254 717 436 765 legendos
466 728 560 756 esse,
584 729 744 763 quorum
768 717 926 753 consilio
950 730 1010 752 res
1032 716 1184 764 publica
1203 716 1544 754 administraretur.
1583 718 1665 753 No-

252 787 355 822 mina
393 786 528 822 deinde
565 792 652 821 sunt
693 787 853 822 recitata
887 787 1100 835 principum
1131 786 1401 830 Macedonum,
1442 797 1538 832 quos
1580 798 1665 821 cum

251 855 381 891 liberis
412 856 621 891 maioribus
662 869 777 903 quam
820 857 1032 904 quindecim
1077 867 1197 892 annos
1239 855 1338 891 natis
1376 855 1590 903 praecedere
1627 856 1665 892 in

251 926 404 961 Italiam
436 926 614 974 placeret.
674 925 732 969 Id,
762 926 887 974 prima
919 927 1044 974 specie
1071 938 1226 968 saevom,
1258 937 1348 960 mox
1369 925 1548 973 apparuit
1570 925 1664 961 mul-

251 996 401 1031 titudini
434 996 687 1031 Macedonum
721 1009 790 1043 pro
821 997 996 1032 libertate
1029 1009 1100 1032 sua
1134 1007 1215 1031 esse
1245 994 1401 1032 factum.
1464 995 1665 1032 Nominati

251 1072 337 1100 sunt
368 1066 465 1101 enim
497 1065 597 1113 regis
620 1066 730 1102 amici
758 1067 1044 1114 purpuratique,
1073 1066 1188 1101 duces
1219 1065 1465 1104 exercituum,
1497 1065 1664 1113 praefecti

250 1135 404 1170 navium
437 1144 503 1171 aut
533 1136 816 1183 praesidiorum,
859 1137 1001 1172 servire
1031 1136 1111 1184 regi
1142 1135 1355 1179 humiliter,
1388 1134 1471 1170 aliis
1501 1136 1664 1183 superbe

250 1206 440 1253 imperare
461 1206 626 1248 adsueti;
658 1206 874 1253 praedivites
906 1207 982 1251 alii,
1014 1206 1089 1249 alii,
1121 1218 1218 1253 quos
1247 1205 1403 1241 fortuna
1433 1218 1508 1240 non
1536 1217 1664 1252 aequa-

251 1281 347 1317 rent,
378 1274 436 1309 his
468 1276 682 1322 sumptibus
713 1287 843 1324 pares3
887 1275 1017 1322 regius
1058 1276 1233 1311 omnibus
1263 1275 1386 1310 victus
1417 1275 1664 1322 vestitusque,

250 1344 342 1379 nulli
383 1345 503 1380 civilis
545 1346 713 1389 animus,
755 1358 879 1393 neque
918 1345 1042 1393 legum
1075 1358 1199 1393 neque
1231 1345 1415 1381 libertatis
1445 1357 1563 1392 aequae
1597 1358 1664 1393 pa-

250 1413 357 1449 tiens.
418 1414 562 1451 Omnes
602 1415 737 1463 igitur,
783 1416 846 1463 qui
882 1416 920 1451 in
962 1415 1099 1463 aliquis
1134 1415 1349 1451 ministeriis
1380 1415 1513 1463 regiiS,
1546 1416 1660 1451 etiam

250 1483 313 1530 qui
354 1483 390 1519 in
430 1483 687 1531 legationibus
721 1485 891 1530 fuerant,
931 1486 1023 1521 iussi
1055 1485 1285 1521 Macedonia
1322 1486 1505 1521 excedere
1536 1486 1662 1532 adque

248 1552 284 1588 in
315 1553 466 1588 Italiam
506 1555 578 1594 ire:
625 1557 688 1603 qui
723 1569 798 1592 nou
836 1556 1027 1604 paruisset
1066 1556 1247 1603 imperio,
1289 1567 1392 1590 mors
1426 1556 1661 1591 denuntiata.

249 1623 373 1671 Leges
405 1625 643 1661 Macedoniae
677 1626 780 1661 dedit
810 1639 893 1662 cum
928 1632 1034 1661 tanta
1065 1638 1167 1669 cura,
1200 1632 1240 1661 ut
1270 1637 1345 1660 non
1376 1626 1548 1662 hostibus
1579 1626 1660 1661 vic—

248 1693 307 1737 tis,
341 1694 407 1729 sed
442 1695 554 1729 sociis
595 1696 691 1731 bene
733 1697 876 1732 meritis
908 1696 990 1732 dari
1020 1696 1252 1739 viderentur,
1297 1703 1332 1731 et
1367 1708 1463 1743 quas
1494 1708 1540 1732 ne
1570 1707 1660 1732 usus

248 1763 398 1811 quidem
430 1763 546 1812 longo
581 1773 770 1814 tempore,
812 1766 876 1814 qui
917 1778 1012 1801 unus
1043 1773 1099 1802 est
1129 1766 1253 1813 legum
1295 1773 1507 1809 corrector,
1545 1778 1660 1814 expe-

245 1834 377 1871 riendo
415 1843 604 1883 argueret.

370 1906 434 1941 Ab
481 1906 589 1942 seriis
644 1907 758 1942 rebus
802 1906 988 1942 ludicrum
1039 1919 1086 1942 ex
1139 1905 1258 1941 multo
1299 1911 1387 1941 ante
1431 1909 1660 1951 praeparato,

248 1982 285 2010 et
328 1975 365 2011 in
410 1976 516 2012 Asiae
555 1976 728 2012 civitates
773 1984 810 2012 et
847 1977 893 2012 ad
932 1987 1042 2023 reges
1074 1975 1219 2013 missis.
1272 1975 1335 2022 qui
1383 1973 1660 2017 denuntiarent,

248 2053 302 2087 et,
349 2058 433 2081 cum
479 2047 695 2082 circumiret
738 2047 819 2094 ipse
869 2046 1031 2083 Graeeiae
1083 2047 1278 2089 civitates,
1346 2044 1514 2080 invitatis
1558 2043 1660 2092 prin-

249 2115 417 2163 cipibus,
460 2129 599 2165 magno
648 2123 837 2165 apparatu
880 2117 1105 2165 Amphipoli
1148 2116 1247 2153 fecit.
1320 2116 1422 2152 Nam
1468 2121 1504 2149 et
1543 2113 1660 2149 artifi-

249 2230 302 2263 15,
330 2236 348 2261 4
376 2241 450 2262 cum
477 2220 826 2273 perseandiunxerant
886 2231 1037 2269 XXXII,
1064 2231 1096 2268 2,
1124 2236 1142 2262 2
1169 2231 1353 2262 senatoreis
1380 2241 1464 2272 quos
1490 2230 1660 2271 symdedis

248 2291 267 2318 3
295 2289 608 2321 administrarentur
690 2291 722 2329 3,
751 2295 770 2321 4
804 2290 937 2331 placere
1009 2289 1042 2327 4,
1074 2293 1084 2320 l
1124 2299 1191 2320 nox
1265 2293 1283 2319 2
1318 2290 1466 2325 nomime
1493 2294 1570 2319 sunt
1641 2292 1659 2319 3

249 2346 431 2377 exercitum
483 2347 514 2386 5,
543 2352 561 2378 2
589 2348 645 2378 alii
673 2346 987 2387 aliquosfiaequaret
1013 2351 1031 2377 3
1051 2356 1148 2387 pares
1174 2347 1311 2385 regibus
1337 2346 1495 2377 omnibus
1545 2349 1563 2376 4
1591 2346 1662 2376 nni-

248 2414 321 2436 mos
343 2405 349 2444 Ι
371 2414 465 2444 aeque
513 2405 545 2443 6,
574 2411 591 2436 2
620 2407 674 2446 qui
703 2407 735 2436 in
763 2406 956 2436 ministeriis
981 2404 1209 2444 legationibus
1230 2404 1360 2446 Kreyss.
1396 2403 1515 2445 (Gryn.
1543 2404 1599 2443 qui
1627 2404 1661 2434 in

248 2463 395 2493 minimis
422 2462 509 2502 leg.)
533 2466 538 2501 3
560 2463 694 2494 suerunt
719 2464 764 2494 bis
791 2464 937 2504 scriptum
965 2474 1028 2493 esse
1055 2461 1099 2493 II.
1126 2462 1242 2493 scribit.
1274 2461 1279 2502 Ι
1310 2462 1507 2493 macedonia
1538 2462 1660 2492 exdere

249 2519 286 2558 7,
323 2525 340 2551 2
383 2521 464 2551 dare
501 2521 696 2552 uiderentur
734 2521 805 2563 My.
855 2520 977 2562 (Gryn.
1017 2521 1097 2551 dare
1143 2520 1331 2560 uideretur)
1377 2520 1382 2561 Ι
1428 2526 1459 2551 et
1497 2528 1571 2559 quae
1618 2528 1660 2549 ne

248 2578 280 2615 8,
312 2582 322 2608 l
352 2578 451 2609 rebus
476 2578 632 2609 ludorum
667 2580 756 2620 quod
795 2589 837 2610 ex
871 2578 943 2619 My.
971 2578 1043 2609 Em.
1076 2577 1144 2608 613
1188 2578 1308 2619 (Gr-yn.
1344 2578 1444 2608 rebus
1479 2577 1660 2615 ludicrum,

250 2636 340 2676 quod
368 2636 426 2673 ex)
477 2640 495 2666 3
523 2637 679 2667 ciuitates
706 2637 882 2676 indignato
909 2636 1116 2677 principibus
1143 2635 1215 2677 My.
1244 2635 1263 2667 I.
1291 2647 1317 2667 c.
1351 2636 1471 2676 (Gryn.
1501 2635 1660 2671 civitates,

250 2693 416 2724 indixerat
440 2694 665 2734 principibus)
717 2698 735 2724 4
762 2695 983 2736 amphipolim
