<?xml version="1.0" encoding="UTF-8"?>
<!DOCTYPE html PUBLIC "-//W3C//DTD XHTML 1.0 Transitional//EN"
    "http://www.w3.org/TR/xhtml1/DTD/xhtml1-transitional.dtd">
<html xmlns="http://www.w3.org/1999/xhtml" xml:lang="en" lang="en">
 <head>
  <title>
</title>
<meta http-equiv="Content-Type" content="text/html;charset=utf-8" />
  <meta name='ocr-system' content='tesseract 3.04.00' />
  <meta name='ocr-capabilities' content='ocr_page ocr_carea ocr_par ocr_line ocrx_word'/>
</head>
<body>
  <div class='ocr_page' id='page_1' title='image "./p1historiarumrom04livyuoft_0066.png"; bbox 0 0 1742 2902; ppageno 0'>
   <div class='ocr_carea' id='block_1_1' title="bbox 348 133 1281 174">
    <p class='ocr_par' dir='ltr' id='par_1_1' title="bbox 348 133 1281 174">
     <span class='ocr_line' id='line_1_1' title="bbox 348 133 1281 174; baseline -0.004 -6"><span class='ocrx_word' id='word_1_1' title='bbox 348 138 397 173; x_wconf 87' lang='grc'>36</span> <span class='ocrx_word' id='word_1_2' title='bbox 713 134 813 166; x_wconf 79' lang='lat' dir='ltr'>Liber</span> <span class='ocrx_word' id='word_1_3' title='bbox 837 133 927 165; x_wconf 79' lang='lat' dir='ltr'>XLI.</span> <span class='ocrx_word' id='word_1_4' title='bbox 978 134 1040 174; x_wconf 79' lang='lat' dir='ltr'>(A.</span> <span class='ocrx_word' id='word_1_5' title='bbox 1068 144 1099 165; x_wconf 92' lang='lat' dir='ltr'>u.</span> <span class='ocrx_word' id='word_1_6' title='bbox 1129 142 1156 164; x_wconf 85' lang='lat' dir='ltr'>c.</span> <span class='ocrx_word' id='word_1_7' title='bbox 1185 133 1281 173; x_wconf 85' lang='lat'>580.)</span> 
     </span>
    </p>
   </div>
   <div class='ocr_carea' id='block_1_2' title="bbox 289 255 1697 305">
    <p class='ocr_par' dir='ltr' id='par_1_2' title="bbox 289 255 1697 305">
     <span class='ocr_line' id='line_1_2' title="bbox 289 255 1697 305; baseline 0 -12"><span class='ocrx_word' id='word_1_8' title='bbox 289 258 420 293; x_wconf 85' lang='lat' dir='ltr'>urbem</span> <span class='ocrx_word' id='word_1_9' title='bbox 450 256 580 298; x_wconf 76' lang='lat' dir='ltr'>iniret,</span> <span class='ocrx_word' id='word_1_10' title='bbox 619 256 657 292; x_wconf 82' lang='lat' dir='ltr'>X</span> <span class='ocrx_word' id='word_1_11' title='bbox 696 256 800 292; x_wconf 89' lang='lat' dir='ltr'>milia</span> <span class='ocrx_word' id='word_1_12' title='bbox 837 256 964 304; x_wconf 89' lang='lat' dir='ltr'>pondo</span> <span class='ocrx_word' id='word_1_13' title='bbox 1006 256 1173 305; x_wconf 75' lang='lat' dir='ltr'>argenti,</span> <span class='ocrx_word' id='word_1_14' title='bbox 1217 255 1255 289; x_wconf 91' lang='lat' dir='ltr'>V</span> <span class='ocrx_word' id='word_1_15' title='bbox 1286 255 1391 291; x_wconf 90' lang='lat' dir='ltr'>milia</span> <span class='ocrx_word' id='word_1_16' title='bbox 1423 256 1506 292; x_wconf 81' lang='lat' dir='ltr'>auri</span> <span class='ocrx_word' id='word_1_17' title='bbox 1534 257 1579 292; x_wconf 49' lang='lat' dir='ltr'>in¹</span> <span class='ocrx_word' id='word_1_18' title='bbox 1602 269 1697 293; x_wconf 81' lang='lat' dir='ltr'>oera-</span> 
     </span>
    </p>
   </div>
   <div class='ocr_carea' id='block_1_3' title="bbox 233 323 1698 434">
    <p class='ocr_par' dir='ltr' id='par_1_3' title="bbox 233 323 1698 434">
     <span class='ocr_line' id='line_1_3' title="bbox 235 323 1695 374; baseline 0.002 -12"><span class='ocrx_word' id='word_1_19' title='bbox 235 325 254 357; x_wconf 93' lang='grc'>7</span> <span class='ocrx_word' id='word_1_20' title='bbox 287 327 383 362; x_wconf 87' lang='lat' dir='ltr'>rium</span> <span class='ocrx_word' id='word_1_21' title='bbox 430 325 524 360; x_wconf 79' lang='lat' dir='ltr'>tulit.</span> <span class='ocrx_word' id='word_1_22' title='bbox 603 324 764 361; x_wconf 82' lang='lat' dir='ltr'>Flamen</span> <span class='ocrx_word' id='word_1_23' title='bbox 814 325 939 362; x_wconf 88' lang='lat' dir='ltr'>Dialis</span> <span class='ocrx_word' id='word_1_24' title='bbox 987 326 1238 374; x_wconf 85' lang='lat' dir='ltr'>inauguratus</span> <span class='ocrx_word' id='word_1_25' title='bbox 1278 330 1335 361; x_wconf 85' lang='lat' dir='ltr'>est</span> <span class='ocrx_word' id='word_1_26' title='bbox 1372 323 1441 361; x_wconf 89' lang='lat' dir='ltr'>Cn.</span> <span class='ocrx_word' id='word_1_27' title='bbox 1483 324 1695 366; x_wconf 78' lang='lat' dir='ltr'>Cornelius.</span> 
     </span>
     <span class='ocr_line' id='line_1_4' title="bbox 233 392 1698 434; baseline 0.005 -7"><span class='ocrx_word' id='word_1_28' title='bbox 233 392 254 427; x_wconf 91' lang='lat'>8</span> <span class='ocrx_word' id='word_1_29' title='bbox 286 394 434 431; x_wconf 84' lang='lat' dir='ltr'>Eodem</span> <span class='ocrx_word' id='word_1_30' title='bbox 473 405 574 430; x_wconf 87' lang='lat' dir='ltr'>anno</span> <span class='ocrx_word' id='word_1_31' title='bbox 610 393 740 429; x_wconf 80' lang='lat' dir='ltr'>tabula</span> <span class='ocrx_word' id='word_1_32' title='bbox 779 394 815 430; x_wconf 90' lang='lat' dir='ltr'>in</span> <span class='ocrx_word' id='word_1_33' title='bbox 858 396 938 431; x_wconf 85' lang='lat' dir='ltr'>aede</span> <span class='ocrx_word' id='word_1_34' title='bbox 977 396 1115 431; x_wconf 80' lang='lat' dir='ltr'>Matris</span> <span class='ocrx_word' id='word_1_35' title='bbox 1145 394 1304 430; x_wconf 84' lang='lat' dir='ltr'>Matutae</span> <span class='ocrx_word' id='word_1_36' title='bbox 1338 405 1422 429; x_wconf 88' lang='lat' dir='ltr'>cum</span> <span class='ocrx_word' id='word_1_37' title='bbox 1461 395 1586 432; x_wconf 85' lang='lat' dir='ltr'>indice</span> <span class='ocrx_word' id='word_1_38' title='bbox 1623 397 1698 434; x_wconf 83' lang='lat' dir='ltr'>hoc</span> 
     </span>
    </p>
   </div>
   <div class='ocr_carea' id='block_1_4' title="bbox 201 877 246 911">
    <p class='ocr_par' dir='ltr' id='par_1_4' title="bbox 201 877 246 911">
     <span class='ocr_line' id='line_1_5' title="bbox 201 877 246 911; baseline 0 0"><span class='ocrx_word' id='word_1_39' title='bbox 201 877 246 911; x_wconf 82' lang='lat'>10</span> 
     </span>
    </p>
   </div>
   <div class='ocr_carea' id='block_1_5' title="bbox 199 1086 240 1120">
    <p class='ocr_par' dir='ltr' id='par_1_5' title="bbox 199 1086 240 1120">
     <span class='ocr_line' id='line_1_6' title="bbox 199 1086 240 1120; baseline 0 0"><span class='ocrx_word' id='word_1_40' title='bbox 199 1086 240 1120; x_wconf 86' lang='lat'>11</span> 
     </span>
    </p>
   </div>
   <div class='ocr_carea' id='block_1_6' title="bbox 275 462 1696 1275">
    <p class='ocr_par' dir='ltr' id='par_1_6' title="bbox 275 462 1696 1275">
     <span class='ocr_line' id='line_1_7' title="bbox 284 462 1696 512; baseline 0.001 -13"><span class='ocrx_word' id='word_1_41' title='bbox 284 464 411 512; x_wconf 87' lang='lat' dir='ltr'>posita</span> <span class='ocrx_word' id='word_1_42' title='bbox 443 470 515 499; x_wconf 85' lang='lat' dir='ltr'>est:</span> <span class='ocrx_word' id='word_1_43' title='bbox 549 462 634 506; x_wconf 89' lang='lat' dir='ltr'>„Ti.</span> <span class='ocrx_word' id='word_1_44' title='bbox 653 463 855 511; x_wconf 78' lang='lat' dir='ltr'>Semproni</span> <span class='ocrx_word' id='word_1_45' title='bbox 873 464 1041 501; x_wconf 82' lang='lat' dir='ltr'>Gracchi</span> <span class='ocrx_word' id='word_1_46' title='bbox 1065 463 1230 500; x_wconf 83' lang='lat' dir='ltr'>consulis</span> <span class='ocrx_word' id='word_1_47' title='bbox 1261 463 1421 511; x_wconf 87' lang='lat' dir='ltr'>imperio</span> <span class='ocrx_word' id='word_1_48' title='bbox 1448 463 1696 512; x_wconf 78' lang='lat' dir='ltr'>auspicioque</span> 
     </span>
     <span class='ocr_line' id='line_1_8' title="bbox 283 533 1695 581; baseline 0.001 -13"><span class='ocrx_word' id='word_1_49' title='bbox 283 533 383 580; x_wconf 89' lang='lat' dir='ltr'>legio</span> <span class='ocrx_word' id='word_1_50' title='bbox 421 533 686 581; x_wconf 84' lang='lat' dir='ltr'>exercitusque</span> <span class='ocrx_word' id='word_1_51' title='bbox 725 533 856 580; x_wconf 88' lang='lat' dir='ltr'>populi</span> <span class='ocrx_word' id='word_1_52' title='bbox 890 534 1053 570; x_wconf 88' lang='lat' dir='ltr'>Romani</span> <span class='ocrx_word' id='word_1_53' title='bbox 1086 533 1303 571; x_wconf 80' lang='lat' dir='ltr'>Sardiniam</span> <span class='ocrx_word' id='word_1_54' title='bbox 1342 533 1503 581; x_wconf 83' lang='lat' dir='ltr'>subegit.</span> <span class='ocrx_word' id='word_1_55' title='bbox 1571 533 1616 569; x_wconf 93' lang='lat' dir='ltr'>In</span> <span class='ocrx_word' id='word_1_56' title='bbox 1649 545 1695 569; x_wconf 87' lang='lat' dir='ltr'>ea</span> 
     </span>
     <span class='ocr_line' id='line_1_9' title="bbox 282 602 1692 651; baseline 0 -12"><span class='ocrx_word' id='word_1_57' title='bbox 282 603 481 651; x_wconf 86' lang='lat' dir='ltr'>provincia</span> <span class='ocrx_word' id='word_1_58' title='bbox 501 602 666 639; x_wconf 83' lang='lat' dir='ltr'>hostium</span> <span class='ocrx_word' id='word_1_59' title='bbox 692 614 789 638; x_wconf 87' lang='lat' dir='ltr'>caesa</span> <span class='ocrx_word' id='word_1_60' title='bbox 813 609 878 639; x_wconf 84' lang='lat' dir='ltr'>aut</span> <span class='ocrx_word' id='word_1_61' title='bbox 900 609 1014 651; x_wconf 83' lang='lat' dir='ltr'>capta</span> <span class='ocrx_word' id='word_1_62' title='bbox 1034 614 1151 650; x_wconf 83' lang='lat' dir='ltr'>supra</span> <span class='ocrx_word' id='word_1_63' title='bbox 1176 603 1337 639; x_wconf 84' lang='lat' dir='ltr'><strong>LXXX</strong></span> <span class='ocrx_word' id='word_1_64' title='bbox 1357 602 1470 638; x_wconf 87' lang='lat' dir='ltr'>milia.</span> <span class='ocrx_word' id='word_1_65' title='bbox 1515 603 1572 639; x_wconf 87' lang='lat' dir='ltr'>Re</span> <span class='ocrx_word' id='word_1_66' title='bbox 1596 602 1692 650; x_wconf 91' lang='lat' dir='ltr'>pub·</span> 
     </span>
     <span class='ocr_line' id='line_1_10' title="bbox 280 671 1692 719; baseline -0.001 -10"><span class='ocrx_word' id='word_1_67' title='bbox 280 672 354 709; x_wconf 89' lang='lat' dir='ltr'>lica</span> <span class='ocrx_word' id='word_1_68' title='bbox 382 672 613 709; x_wconf 83' lang='lat' dir='ltr'><strong>felicissume</strong></span> <span class='ocrx_word' id='word_1_69' title='bbox 652 676 761 719; x_wconf 73' lang='lat' dir='ltr'>gesta</span> <span class='ocrx_word' id='word_1_70' title='bbox 799 671 923 719; x_wconf 87' lang='lat' dir='ltr'>adque</span> <span class='ocrx_word' id='word_1_71' title='bbox 954 671 1125 707; x_wconf 87' lang='lat' dir='ltr'>liberatis</span> <span class='ocrx_word' id='word_1_72' title='bbox 1155 673 1272 716; x_wconf 72' lang='lat' dir='ltr'>sociis,</span> <span class='ocrx_word' id='word_1_73' title='bbox 1303 671 1554 718; x_wconf 83' lang='lat' dir='ltr'>vectigalibus</span> <span class='ocrx_word' id='word_1_74' title='bbox 1583 672 1692 708; x_wconf 81' lang='lat' dir='ltr'>resti-</span> 
     </span>
     <span class='ocr_line' id='line_1_11' title="bbox 279 739 1692 789; baseline 0 -11"><span class='ocrx_word' id='word_1_75' title='bbox 279 742 392 786; x_wconf 74' lang='lat' dir='ltr'>tutis,</span> <span class='ocrx_word' id='word_1_76' title='bbox 424 741 632 778; x_wconf 87' lang='lat' dir='ltr'>exercitum</span> <span class='ocrx_word' id='word_1_77' title='bbox 664 740 811 777; x_wconf 82' lang='lat' dir='ltr'>salvom</span> <span class='ocrx_word' id='word_1_78' title='bbox 849 741 974 789; x_wconf 84' lang='lat' dir='ltr'>adque</span> <span class='ocrx_word' id='word_1_79' title='bbox 1013 740 1239 777; x_wconf 86' lang='lat' dir='ltr'>incolumem</span> <span class='ocrx_word' id='word_1_80' title='bbox 1271 739 1530 787; x_wconf 82' lang='lat' dir='ltr'>plenissimum</span> <span class='ocrx_word' id='word_1_81' title='bbox 1562 741 1692 789; x_wconf 86' lang='lat' dir='ltr'>praeda</span> 
     </span>
     <span class='ocr_line' id='line_1_12' title="bbox 279 810 1691 859; baseline 0.001 -12"><span class='ocrx_word' id='word_1_82' title='bbox 279 811 434 847; x_wconf 89' lang='lat' dir='ltr'>domum</span> <span class='ocrx_word' id='word_1_83' title='bbox 462 810 684 859; x_wconf 79' lang='lat' dir='ltr'>reportavit.</span> <span class='ocrx_word' id='word_1_84' title='bbox 730 810 873 846; x_wconf 82' lang='lat' dir='ltr'>Iterum</span> <span class='ocrx_word' id='word_1_85' title='bbox 898 811 1135 858; x_wconf 87' lang='lat' dir='ltr'>triumphans</span> <span class='ocrx_word' id='word_1_86' title='bbox 1158 810 1195 846; x_wconf 91' lang='lat' dir='ltr'>in</span> <span class='ocrx_word' id='word_1_87' title='bbox 1219 810 1350 846; x_wconf 88' lang='lat' dir='ltr'>urbem</span> <span class='ocrx_word' id='word_1_88' title='bbox 1378 811 1542 846; x_wconf 86' lang='lat' dir='ltr'>Romam</span> <span class='ocrx_word' id='word_1_89' title='bbox 1568 811 1691 849; x_wconf 79' lang='lat' dir='ltr'>rediit.</span> 
     </span>
     <span class='ocr_line' id='line_1_13' title="bbox 279 878 1690 928; baseline 0.001 -12"><span class='ocrx_word' id='word_1_90' title='bbox 279 878 397 917; x_wconf 87' lang='lat' dir='ltr'>Cuius</span> <span class='ocrx_word' id='word_1_91' title='bbox 425 880 480 916; x_wconf 83' lang='lat' dir='ltr'>rei</span> <span class='ocrx_word' id='word_1_92' title='bbox 511 891 603 928; x_wconf 88' lang='lat' dir='ltr'>ergo</span> <span class='ocrx_word' id='word_1_93' title='bbox 632 879 730 915; x_wconf 84' lang='lat' dir='ltr'>hanc</span> <span class='ocrx_word' id='word_1_94' title='bbox 760 880 931 916; x_wconf 84' lang='lat' dir='ltr'>tabulam</span> <span class='ocrx_word' id='word_1_95' title='bbox 954 880 1095 916; x_wconf 90' lang='lat' dir='ltr'>donum</span> <span class='ocrx_word' id='word_1_96' title='bbox 1118 880 1203 916; x_wconf 87' lang='lat' dir='ltr'>Iovi</span> <span class='ocrx_word' id='word_1_97' title='bbox 1224 880 1363 917; x_wconf 84' lang='lat' dir='ltr'>dedit.“</span> <span class='ocrx_word' id='word_1_98' title='bbox 1416 879 1603 917; x_wconf 75' lang='lat' dir='ltr'>Sardiniae</span> <span class='ocrx_word' id='word_1_99' title='bbox 1633 881 1690 917; x_wconf 92' lang='lat' dir='ltr'>in-</span> 
     </span>
     <span class='ocr_line' id='line_1_14' title="bbox 277 948 1690 997; baseline 0 -11"><span class='ocrx_word' id='word_1_100' title='bbox 277 950 368 986; x_wconf 85' lang='lat' dir='ltr'>sulae</span> <span class='ocrx_word' id='word_1_101' title='bbox 399 949 524 986; x_wconf 84' lang='lat' dir='ltr'>forma</span> <span class='ocrx_word' id='word_1_102' title='bbox 555 954 648 993; x_wconf 77' lang='lat' dir='ltr'>erat,</span> <span class='ocrx_word' id='word_1_103' title='bbox 679 949 804 996; x_wconf 84' lang='lat' dir='ltr'>adque</span> <span class='ocrx_word' id='word_1_104' title='bbox 826 950 864 986; x_wconf 89' lang='lat' dir='ltr'>in</span> <span class='ocrx_word' id='word_1_105' title='bbox 896 962 942 986; x_wconf 87' lang='lat' dir='ltr'>ea</span> <span class='ocrx_word' id='word_1_106' title='bbox 972 950 1177 985; x_wconf 85' lang='lat' dir='ltr'>simulacra</span> <span class='ocrx_word' id='word_1_107' title='bbox 1199 961 1413 997; x_wconf 81' lang='lat' dir='ltr'>pugnarum</span> <span class='ocrx_word' id='word_1_108' title='bbox 1445 948 1557 996; x_wconf 88' lang='lat' dir='ltr'>picta.</span> <span class='ocrx_word' id='word_1_109' title='bbox 1604 949 1690 986; x_wconf 92' lang='lat' dir='ltr'>Mu-</span> 
     </span>
     <span class='ocr_line' id='line_1_15' title="bbox 277 1017 1689 1067; baseline 0.001 -13"><span class='ocrx_word' id='word_1_110' title='bbox 277 1031 369 1055; x_wconf 85' lang='lat' dir='ltr'>nera</span> <span class='ocrx_word' id='word_1_111' title='bbox 389 1019 645 1067; x_wconf 83' lang='lat' dir='ltr'>gladiatorum</span> <span class='ocrx_word' id='word_1_112' title='bbox 677 1030 722 1054; x_wconf 85' lang='lat' dir='ltr'>eo</span> <span class='ocrx_word' id='word_1_113' title='bbox 754 1030 854 1054; x_wconf 91' lang='lat' dir='ltr'>anno</span> <span class='ocrx_word' id='word_1_114' title='bbox 886 1017 1033 1064; x_wconf 83' lang='lat' dir='ltr'>aliquot</span> <span class='ocrx_word' id='word_1_115' title='bbox 1062 1030 1184 1065; x_wconf 87' lang='lat' dir='ltr'>parva</span> <span class='ocrx_word' id='word_1_116' title='bbox 1214 1018 1290 1054; x_wconf 87' lang='lat' dir='ltr'>alia</span> <span class='ocrx_word' id='word_1_117' title='bbox 1313 1018 1423 1062; x_wconf 83' lang='lat' dir='ltr'>data3</span> <span class='ocrx_word' id='word_1_118' title='bbox 1454 1030 1568 1054; x_wconf 87' lang='lat' dir='ltr'>unum</span> <span class='ocrx_word' id='word_1_119' title='bbox 1601 1025 1689 1056; x_wconf 83' lang='lat' dir='ltr'>ante</span> 
     </span>
     <span class='ocr_line' id='line_1_16' title="bbox 277 1086 1689 1136; baseline 0.001 -12"><span class='ocrx_word' id='word_1_120' title='bbox 277 1094 404 1124; x_wconf 85' lang='lat' dir='ltr'>cetera</span> <span class='ocrx_word' id='word_1_121' title='bbox 433 1088 580 1136; x_wconf 80' lang='lat' dir='ltr'>insigne</span> <span class='ocrx_word' id='word_1_122' title='bbox 610 1086 681 1123; x_wconf 84' lang='lat' dir='ltr'>fuit</span> <span class='ocrx_word' id='word_1_123' title='bbox 709 1088 758 1124; x_wconf 91' lang='lat' dir='ltr'>T.</span> <span class='ocrx_word' id='word_1_124' title='bbox 784 1087 1009 1131; x_wconf 63' lang='lat' dir='ltr'>Flaminini,</span> <span class='ocrx_word' id='word_1_125' title='bbox 1041 1087 1143 1134; x_wconf 85' lang='lat' dir='ltr'>quod</span> <span class='ocrx_word' id='word_1_126' title='bbox 1171 1087 1302 1123; x_wconf 80' lang='lat' dir='ltr'>mort-is</span> <span class='ocrx_word' id='word_1_127' title='bbox 1334 1099 1452 1123; x_wconf 84' lang='lat' dir='ltr'>causa</span> <span class='ocrx_word' id='word_1_128' title='bbox 1481 1088 1600 1136; x_wconf 83' lang='lat' dir='ltr'>patris</span> <span class='ocrx_word' id='word_1_129' title='bbox 1630 1089 1689 1126; x_wconf 88' lang='lat' dir='ltr'>sui</span> 
     </span>
     <span class='ocr_line' id='line_1_17' title="bbox 276 1156 1686 1205; baseline 0 -12"><span class='ocrx_word' id='word_1_130' title='bbox 276 1170 361 1193; x_wconf 88' lang='lat' dir='ltr'>cum</span> <span class='ocrx_word' id='word_1_131' title='bbox 392 1157 645 1193; x_wconf 84' lang='lat' dir='ltr'>visceratione</span> <span class='ocrx_word' id='word_1_132' title='bbox 676 1157 866 1205; x_wconf 79' lang='lat' dir='ltr'>epuloque</span> <span class='ocrx_word' id='word_1_133' title='bbox 890 1162 927 1192; x_wconf 87' lang='lat' dir='ltr'>et</span> <span class='ocrx_word' id='word_1_134' title='bbox 955 1156 1054 1192; x_wconf 90' lang='lat' dir='ltr'>ludis</span> <span class='ocrx_word' id='word_1_135' title='bbox 1083 1156 1251 1192; x_wconf 77' lang='lat' dir='ltr'>scaenicis</span> <span class='ocrx_word' id='word_1_136' title='bbox 1282 1156 1540 1204; x_wconf 85' lang='lat' dir='ltr'>quadriduum</span> <span class='ocrx_word' id='word_1_137' title='bbox 1572 1157 1686 1194; x_wconf 86' lang='lat' dir='ltr'>dedit.</span> 
     </span>
     <span class='ocr_line' id='line_1_18' title="bbox 275 1225 1688 1275; baseline 0 -12"><span class='ocrx_word' id='word_1_138' title='bbox 275 1227 409 1275; x_wconf 86' lang='lat' dir='ltr'>Magni</span> <span class='ocrx_word' id='word_1_139' title='bbox 439 1233 565 1263; x_wconf 85' lang='lat' dir='ltr'>tamen</span> <span class='ocrx_word' id='word_1_140' title='bbox 597 1226 763 1262; x_wconf 87' lang='lat' dir='ltr'>muneris</span> <span class='ocrx_word' id='word_1_141' title='bbox 794 1238 840 1262; x_wconf 86' lang='lat' dir='ltr'>ea</span> <span class='ocrx_word' id='word_1_142' title='bbox 870 1238 1021 1262; x_wconf 82' lang='lat' dir='ltr'>summa</span> <span class='ocrx_word' id='word_1_143' title='bbox 1049 1225 1132 1270; x_wconf 75' lang='lat' dir='ltr'>fuit,</span> <span class='ocrx_word' id='word_1_144' title='bbox 1164 1231 1202 1261; x_wconf 82' lang='lat' dir='ltr'>ut</span> <span class='ocrx_word' id='word_1_145' title='bbox 1222 1238 1291 1274; x_wconf 85' lang='lat' dir='ltr'>per</span> <span class='ocrx_word' id='word_1_146' title='bbox 1311 1225 1477 1262; x_wconf 83' lang='lat' dir='ltr'>triduum</span> <span class='ocrx_word' id='word_1_147' title='bbox 1507 1232 1688 1274; x_wconf 84' lang='lat' dir='ltr'>quattuor</span> 
     </span>
    </p>
   </div>
   <div class='ocr_carea' id='block_1_7' title="bbox 275 1295 1035 1344">
    <p class='ocr_par' dir='ltr' id='par_1_7' title="bbox 275 1295 1035 1344">
     <span class='ocr_line' id='line_1_19' title="bbox 275 1295 1035 1344; baseline 0 -12"><span class='ocrx_word' id='word_1_148' title='bbox 275 1303 311 1332; x_wconf 88' lang='lat' dir='ltr'>et</span> <span class='ocrx_word' id='word_1_149' title='bbox 340 1296 584 1344; x_wconf 82' lang='lat' dir='ltr'>septuaginta</span> <span class='ocrx_word' id='word_1_150' title='bbox 613 1296 785 1332; x_wconf 83' lang='lat' dir='ltr'>homines</span> <span class='ocrx_word' id='word_1_151' title='bbox 815 1295 1035 1344; x_wconf 86' lang='lat' dir='ltr'>pugnarint.</span> 
     </span>
    </p>
   </div>
   <div class='ocr_carea' id='block_1_8' title="bbox 271 1457 1685 1556">
    <p class='ocr_par' dir='ltr' id='par_1_8' title="bbox 271 1457 1685 1556">
     <span class='ocr_line' id='line_1_20' title="bbox 272 1457 1680 1498; baseline 0.001 -10"><span class='ocrx_word' id='word_1_152' title='bbox 272 1461 291 1488; x_wconf 88' lang='lat'><strong>3</strong></span> <span class='ocrx_word' id='word_1_153' title='bbox 318 1458 399 1488; x_wconf 83' lang='lat' dir='ltr'>urbe</span> <span class='ocrx_word' id='word_1_154' title='bbox 421 1458 426 1497; x_wconf 94' lang='grc'>1</span> <span class='ocrx_word' id='word_1_155' title='bbox 450 1482 456 1488; x_wconf 96' lang='grc'><em>.</em></span> <span class='ocrx_word' id='word_1_156' title='bbox 475 1482 481 1488; x_wconf 93' lang='grc'><strong>.</strong></span> <span class='ocrx_word' id='word_1_157' title='bbox 500 1482 507 1488; x_wconf 94' lang='grc'>.</span> <span class='ocrx_word' id='word_1_158' title='bbox 535 1458 602 1489; x_wconf 83' lang='lat' dir='ltr'>enti</span> <span class='ocrx_word' id='word_1_159' title='bbox 624 1458 629 1498; x_wconf 80' lang='grc' dir='ltr'>Ι</span> <span class='ocrx_word' id='word_1_160' title='bbox 651 1468 682 1489; x_wconf 89' lang='lat' dir='ltr'>u.</span> <span class='ocrx_word' id='word_1_161' title='bbox 711 1458 819 1489; x_wconf 88' lang='lat' dir='ltr'>millib</span> <span class='ocrx_word' id='word_1_162' title='bbox 836 1482 843 1489; x_wconf 90' lang='lat'><strong>.</strong></span> <span class='ocrx_word' id='word_1_163' title='bbox 859 1468 874 1489; x_wconf 89' lang='lat' dir='ltr'>s</span> <span class='ocrx_word' id='word_1_164' title='bbox 938 1457 969 1495; x_wconf 79' lang='lat'>7,</span> <span class='ocrx_word' id='word_1_165' title='bbox 1000 1461 1012 1488; x_wconf 89' lang='lat'>1</span> <span class='ocrx_word' id='word_1_166' title='bbox 1043 1457 1091 1488; x_wconf 88' lang='lat' dir='ltr'>tul</span> <span class='ocrx_word' id='word_1_167' title='bbox 1107 1481 1211 1488; x_wconf 92' lang='grc'><strong>.....</strong></span> <span class='ocrx_word' id='word_1_168' title='bbox 1241 1467 1317 1488; x_wconf 87' lang='lat' dir='ltr'>men</span> <span class='ocrx_word' id='word_1_169' title='bbox 1340 1458 1344 1497; x_wconf 87' lang='lat' dir='ltr'>l</span> <span class='ocrx_word' id='word_1_170' title='bbox 1368 1466 1424 1488; x_wconf 78' lang='lat' dir='ltr'>cor</span> <span class='ocrx_word' id='word_1_171' title='bbox 1439 1481 1446 1488; x_wconf 92' lang='lat'><strong>.</strong></span> <span class='ocrx_word' id='word_1_172' title='bbox 1464 1481 1471 1488; x_wconf 92' lang='lat'><strong>.</strong></span> <span class='ocrx_word' id='word_1_173' title='bbox 1488 1457 1551 1489; x_wconf 88' lang='lat' dir='ltr'>lius</span> <span class='ocrx_word' id='word_1_174' title='bbox 1599 1457 1632 1495; x_wconf 90' lang='lat'>8,</span> <span class='ocrx_word' id='word_1_175' title='bbox 1669 1461 1680 1489; x_wconf 84' lang='lat' dir='ltr'>l</span> 
     </span>
     <span class='ocr_line' id='line_1_21' title="bbox 271 1513 1685 1556; baseline 0 -11"><span class='ocrx_word' id='word_1_176' title='bbox 271 1515 420 1545; x_wconf 81' lang='lat' dir='ltr'>tabulam</span> <span class='ocrx_word' id='word_1_177' title='bbox 444 1515 448 1553; x_wconf 88' lang='grc' dir='ltr'>Ι</span> <span class='ocrx_word' id='word_1_178' title='bbox 471 1516 504 1545; x_wconf 89' lang='lat' dir='ltr'>in</span> <span class='ocrx_word' id='word_1_179' title='bbox 527 1516 634 1546; x_wconf 83' lang='lat' dir='ltr'>aedem</span> <span class='ocrx_word' id='word_1_180' title='bbox 655 1513 765 1556; x_wconf 63' lang='lat' dir='ltr'>Seyon.</span> <span class='ocrx_word' id='word_1_181' title='bbox 817 1519 835 1545; x_wconf 82' lang='lat'><strong>2</strong></span> <span class='ocrx_word' id='word_1_182' title='bbox 862 1520 885 1546; x_wconf 91' lang='lat' dir='ltr'>t.</span> <span class='ocrx_word' id='word_1_183' title='bbox 902 1515 1187 1555; x_wconf 79' lang='lat' dir='ltr'>sempronigracei</span> <span class='ocrx_word' id='word_1_184' title='bbox 1213 1514 1312 1546; x_wconf 83' lang='lat' dir='ltr'>Frob.</span> <span class='ocrx_word' id='word_1_185' title='bbox 1339 1513 1388 1545; x_wconf 92' lang='lat' dir='ltr'>II.</span> <span class='ocrx_word' id='word_1_186' title='bbox 1441 1518 1460 1545; x_wconf 89' lang='lat'><strong>3</strong></span> <span class='ocrx_word' id='word_1_187' title='bbox 1489 1515 1685 1546; x_wconf 84' lang='lat' dir='ltr'>exercitusi-</span> 
     </span>
    </p>
   </div>
   <div class='ocr_carea' id='block_1_9' title="bbox 265 1569 1683 2074">
    <p class='ocr_par' dir='ltr' id='par_1_9' title="bbox 265 1569 1683 2074">
     <span class='ocr_line' id='line_1_22' title="bbox 271 1569 1680 1625; baseline 0.002 -13"><span class='ocrx_word' id='word_1_188' title='bbox 271 1592 334 1623; x_wconf 88' lang='lat' dir='ltr'>que</span> <span class='ocrx_word' id='word_1_189' title='bbox 372 1583 404 1620; x_wconf 86' lang='lat'>9,</span> <span class='ocrx_word' id='word_1_190' title='bbox 425 1586 436 1613; x_wconf 91' lang='lat'>1</span> <span class='ocrx_word' id='word_1_191' title='bbox 459 1593 525 1623; x_wconf 85' lang='lat' dir='ltr'>rep.</span> <span class='ocrx_word' id='word_1_192' title='bbox 566 1587 584 1613; x_wconf 85' lang='lat'><strong>2</strong></span> <span class='ocrx_word' id='word_1_193' title='bbox 601 1583 852 1614; x_wconf 83' lang='lat' dir='ltr'>selicissimume</span> <span class='ocrx_word' id='word_1_194' title='bbox 875 1584 879 1622; x_wconf 89' lang='grc' dir='ltr'>Ι</span> <span class='ocrx_word' id='word_1_195' title='bbox 902 1583 1052 1614; x_wconf 83' lang='lat' dir='ltr'>liberatis</span> <span class='ocrx_word' id='word_1_196' title='bbox 1067 1583 1293 1622; x_wconf 80' lang='lat' dir='ltr'>uectigalibus</span> <span class='ocrx_word' id='word_1_197' title='bbox 1310 1581 1420 1623; x_wconf 71' lang='lat' dir='ltr'>Siyon.</span> <span class='ocrx_word' id='word_1_198' title='bbox 1465 1587 1485 1614; x_wconf 82' lang='lat'>3</span> <span class='ocrx_word' id='word_1_199' title='bbox 1513 1569 1680 1625; x_wconf 64' lang='lat' dir='ltr'>saluomil.</span> 
     </span>
     <span class='ocr_line' id='line_1_23' title="bbox 271 1632 1683 1682; baseline 0.001 -11"><span class='ocrx_word' id='word_1_200' title='bbox 271 1646 338 1680; x_wconf 87' lang='lat' dir='ltr'>atq.</span> <span class='ocrx_word' id='word_1_201' title='bbox 383 1643 402 1670; x_wconf 87' lang='lat'><strong>4</strong></span> <span class='ocrx_word' id='word_1_202' title='bbox 428 1641 515 1671; x_wconf 80' lang='lat' dir='ltr'>redit</span> <span class='ocrx_word' id='word_1_203' title='bbox 539 1639 774 1681; x_wconf 55' lang='lat' dir='ltr'>Ima-reptionem</span> <span class='ocrx_word' id='word_1_204' title='bbox 800 1640 882 1671; x_wconf 79' lang='lat' dir='ltr'>hanc</span> <span class='ocrx_word' id='word_1_205' title='bbox 909 1641 940 1671; x_wconf 81' lang='lat' dir='ltr'>in</span> <span class='ocrx_word' id='word_1_206' title='bbox 971 1651 1079 1671; x_wconf 78' lang='lat' dir='ltr'>versus</span> <span class='ocrx_word' id='word_1_207' title='bbox 1105 1638 1275 1671; x_wconf 73' lang='lat' dir='ltr'>Saturnios</span> <span class='ocrx_word' id='word_1_208' title='bbox 1305 1639 1446 1682; x_wconf 66' lang='lat' dir='ltr'>redz&#39;yere</span> <span class='ocrx_word' id='word_1_209' title='bbox 1476 1647 1606 1672; x_wconf 78' lang='lat' dir='ltr'>conatus</span> <span class='ocrx_word' id='word_1_210' title='bbox 1631 1632 1683 1672; x_wconf 41' lang='lat' dir='ltr'>&#39;est</span> 
     </span>
     <span class='ocr_line' id='line_1_24' title="bbox 270 1696 1681 1739; baseline 0 -10"><span class='ocrx_word' id='word_1_211' title='bbox 270 1697 460 1729; x_wconf 76' lang='lat' dir='ltr'>Rz&#39;tschclz&#39;us</span> <span class='ocrx_word' id='word_1_212' title='bbox 485 1698 515 1729; x_wconf 77' lang='lat' dir='ltr'>in</span> <span class='ocrx_word' id='word_1_213' title='bbox 534 1704 766 1739; x_wconf 72' lang='lat' dir='ltr'>proyrammate</span> <span class='ocrx_word' id='word_1_214' title='bbox 781 1696 946 1729; x_wconf 73' lang='lat' dir='ltr'>Bonnensi</span> <span class='ocrx_word' id='word_1_215' title='bbox 965 1709 996 1728; x_wconf 82' lang='lat' dir='ltr'>a.</span> <span class='ocrx_word' id='word_1_216' title='bbox 1013 1697 1106 1729; x_wconf 63' lang='lat'>1552</span> <span class='ocrx_word' id='word_1_217' title='bbox 1132 1698 1285 1738; x_wconf 76' lang='lat' dir='ltr'>(inscript.</span> <span class='ocrx_word' id='word_1_218' title='bbox 1314 1697 1371 1729; x_wconf 84' lang='lat' dir='ltr'>col.</span> <span class='ocrx_word' id='word_1_219' title='bbox 1399 1703 1491 1729; x_wconf 71' lang='grc' dir='ltr'><em>νοεῖν.</em></span> <span class='ocrx_word' id='word_1_220' title='bbox 1525 1697 1629 1730; x_wconf 80' lang='lat' dir='ltr'>Duell.</span> <span class='ocrx_word' id='word_1_221' title='bbox 1646 1697 1681 1739; x_wconf 95' lang='lat' dir='ltr'>I)</span> 
     </span>
     <span class='ocr_line' id='line_1_25' title="bbox 265 1754 1679 1796; baseline 0.001 -11"><span class='ocrx_word' id='word_1_222' title='bbox 265 1766 299 1796; x_wconf 86' lang='lat' dir='ltr'>p.</span> <span class='ocrx_word' id='word_1_223' title='bbox 316 1754 361 1786; x_wconf 86' lang='grc'>19</span> <span class='ocrx_word' id='word_1_224' title='bbox 372 1766 439 1796; x_wconf 81' lang='lat' dir='ltr'><em>sqq.</em></span> <span class='ocrx_word' id='word_1_225' title='bbox 497 1755 551 1793; x_wconf 83' lang='grc'>10,</span> <span class='ocrx_word' id='word_1_226' title='bbox 570 1759 587 1785; x_wconf 86' lang='grc'><strong>2</strong></span> <span class='ocrx_word' id='word_1_227' title='bbox 607 1760 732 1795; x_wconf 81' lang='lat' dir='ltr'>autque</span> <span class='ocrx_word' id='word_1_228' title='bbox 771 1758 790 1785; x_wconf 87' lang='lat'><strong>3</strong></span> <span class='ocrx_word' id='word_1_229' title='bbox 817 1755 956 1795; x_wconf 80' lang='lat' dir='ltr'>aliquod</span> <span class='ocrx_word' id='word_1_230' title='bbox 977 1755 982 1795; x_wconf 90' lang='grc' dir='ltr'>Ι</span> <span class='ocrx_word' id='word_1_231' title='bbox 1005 1755 1084 1785; x_wconf 78' lang='lat' dir='ltr'>data</span> <span class='ocrx_word' id='word_1_232' title='bbox 1110 1764 1250 1786; x_wconf 81' lang='lat' dir='ltr'>munera</span> <span class='ocrx_word' id='word_1_233' title='bbox 1275 1754 1609 1794; x_wconf 81' lang='lat' dir='ltr'>gladiatorumunum</span> <span class='ocrx_word' id='word_1_234' title='bbox 1661 1759 1679 1786; x_wconf 85' lang='lat'><strong>4</strong></span> 
     </span>
     <span class='ocr_line' id='line_1_26' title="bbox 273 1810 571 1852; baseline -0.007 -8"><span class='ocrx_word' id='word_1_235' title='bbox 273 1810 371 1852; x_wconf 76' lang='lat' dir='ltr'>Gryn.</span> <span class='ocrx_word' id='word_1_236' title='bbox 402 1811 571 1842; x_wconf 83' lang='lat' dir='ltr'>Flaminii.</span> 
     </span>
     <span class='ocr_line' id='line_1_27' title="bbox 363 1867 1537 1910; baseline -0.001 -11"><span class='ocrx_word' id='word_1_237' title='bbox 363 1868 557 1910; x_wconf 75' lang='lat' dir='ltr'>Subscriptio</span> <span class='ocrx_word' id='word_1_238' title='bbox 586 1868 757 1900; x_wconf 79' lang='lat' dir='ltr'>admodum</span> <span class='ocrx_word' id='word_1_239' title='bbox 781 1867 931 1906; x_wconf 77' lang='lat' dir='ltr'>evanida,</span> <span class='ocrx_word' id='word_1_240' title='bbox 947 1868 1035 1909; x_wconf 75' lang='lat' dir='ltr'>solio</span> <span class='ocrx_word' id='word_1_241' title='bbox 1060 1869 1152 1900; x_wconf 77' lang='lat' dir='ltr'>etiam</span> <span class='ocrx_word' id='word_1_242' title='bbox 1176 1875 1313 1910; x_wconf 78' lang='lat' dir='ltr'>pertuso,</span> <span class='ocrx_word' id='word_1_243' title='bbox 1339 1867 1537 1900; x_wconf 76' lang='lat' dir='ltr'>huiusmodi:</span> 
     </span>
     <span class='ocr_line' id='line_1_28' title="bbox 539 1937 1021 1959; baseline -0.002 0"><span class='ocrx_word' id='word_1_244' title='bbox 539 1937 610 1959; x_wconf 73' lang='grc' dir='ltr'>τιτι</span> <span class='ocrx_word' id='word_1_245' title='bbox 639 1938 658 1958; x_wconf 71' lang='grc' dir='ltr'>ῐ,</span> <span class='ocrx_word' id='word_1_246' title='bbox 683 1938 722 1959; x_wconf 81' lang='grc' dir='ltr'>ΑΒ</span> <span class='ocrx_word' id='word_1_247' title='bbox 751 1937 841 1959; x_wconf 62' lang='lat' dir='ltr'>unm&lt;</span> <span class='ocrx_word' id='word_1_248' title='bbox 869 1937 1021 1959; x_wconf 66' lang='lat' dir='ltr'>conTA</span> 
     </span>
     <span class='ocr_line' id='line_1_29' title="bbox 540 1993 1064 2017; baseline -0.004 -1"><span class='ocrx_word' id='word_1_249' title='bbox 540 1994 594 2016; x_wconf 81' lang='lat' dir='ltr'>Lm</span> <span class='ocrx_word' id='word_1_250' title='bbox 621 1994 676 2016; x_wconf 77' lang='lat' dir='ltr'>xm</span> <span class='ocrx_word' id='word_1_251' title='bbox 703 1995 769 2016; x_wconf 73' lang='lat' dir='ltr'>ssxr</span> <span class='ocrx_word' id='word_1_252' title='bbox 794 1993 861 2017; x_wconf 73' lang='lat' dir='ltr'>mc.</span> <span class='ocrx_word' id='word_1_253' title='bbox 890 1994 956 2016; x_wconf 81' lang='lat' dir='ltr'>Lm.</span> <span class='ocrx_word' id='word_1_254' title='bbox 985 1995 1064 2016; x_wconf 65' lang='lat' dir='ltr'>xnu.</span> 
     </span>
     <span class='ocr_line' id='line_1_30' title="bbox 679 2052 837 2074; baseline 0.006 -1"><span class='ocrx_word' id='word_1_255' title='bbox 679 2052 790 2074; x_wconf 74' lang='lat' dir='ltr'>Fssmci</span> <span class='ocrx_word' id='word_1_256' title='bbox 815 2052 837 2073; x_wconf 80' lang='lat' dir='ltr'>R</span> 
     </span>
    </p>
   </div>
   <div class='ocr_carea' id='block_1_10' title="bbox 1694 2675 1704 2769">
    <p class='ocr_par' dir='ltr' id='par_1_10' title="bbox 1694 2675 1704 2769">
     <span class='ocr_line' id='line_1_31' title="bbox 1694 2675 1704 2769; textangle 90"><span class='ocrx_word' id='word_1_257' title='bbox 1694 2767 1696 2769; x_wconf 85' lang='lat'>·</span> <span class='ocrx_word' id='word_1_258' title='bbox 1696 2675 1704 2710; x_wconf 42' lang='grc' dir='ltr'><strong>μ</strong></span> 
     </span>
    </p>
   </div>
  </div>
 </body>
</html>
