1753 2934
644 149 819 179 Librorum
848 149 943 180 Livii.
1422 152 1441 182 Γ»

94 281 242 329 reliqua
271 281 356 318 belli
388 282 607 318 cohortatus
638 287 693 315 est
723 281 855 328 paucis
886 281 1052 325 edoctos,
1090 285 1270 328 quantum
1305 279 1499 327 Hispaniae

96 352 302 401 provincioe
345 352 558 393 interesset,
600 362 688 386 suas
729 359 856 398 partes
901 349 1115 398 superiores
1159 361 1254 385 esse.
1327 348 1496 385 Dimisso

97 422 231 458 deinde
262 430 471 463 conventu,
501 421 688 468 iussisque
718 421 893 457 omnibus
927 421 1014 456 bono
1046 421 1162 455 animo
1193 432 1286 463 esse,
1323 426 1431 467 atque
1461 419 1496 455 in

96 492 268 528 civitates
297 492 416 528 redire
446 504 546 533 suas,
578 491 761 539 principio
793 492 892 527 veris
914 490 1213 537 ll‘l.l'erpernam
1247 502 1328 525 cum
1363 490 1495 538 viginti

96 561 246 598 milibus
282 562 469 610 peditnm‚
517 560 704 607 equitibus
747 561 848 596 mille
886 560 1120 608 quingentis,
1174 559 1210 595 in
1257 559 1494 596 Ilercaonum

94 637 243 679 gentem
277 631 388 674 misit,
420 631 467 666 ad
499 630 674 666 tuendam
709 631 873 677 regionis
905 631 982 666 eius
1016 630 1242 666 maritimam
1270 642 1396 674 oram,
1430 631 1496 666 da-

95 701 141 737 tis
175 702 386 749 praeceptis,
432 701 567 749 quibus
598 700 792 736 itineribus
824 700 974 736 duceret
1006 700 1054 735 ad
1085 699 1340 736 defendendas
1372 701 1495 736 socias

93 771 228 816 urbes,
269 783 364 818 quas
394 771 601 819 Pompeius
641 778 899 818 oppugnaret,
944 770 1156 818 quibusque
1195 770 1316 818 ipsum
1358 783 1493 819 agmen

93 842 255 890 Pompei
286 854 333 877 ex
356 841 500 877 insidiis
532 841 812 888 adgrederetur.

204 912 349 949 Eodem
381 921 552 959 tempore
586 919 621 947 et
659 911 707 947 ad
736 910 1053 949 Herennuleium,
1095 910 1157 957 qui
1188 910 1225 945 in
1257 910 1372 945 isdem
1403 910 1495 946 locis

93 990 186 1026 erat.v
217 982 363 1018 litteras
395 983 506 1021 misit,
539 989 574 1017 et
608 982 643 1017 in
676 980 834 1017 alteram
865 980 1100 1028 provinciam
1122 979 1170 1015 ad
1188 980 1231 1015 L.
1250 980 1492 1016 Hirtuleium.

91 1052 331 1100 praecipienS,
380 1051 699 1101 quemadmodum
747 1051 885 1087 bellun]
925 1050 1181 1086 administrari
1222 1049 1353 1085 vellet:
1408 1058 1494 1086 ante

92 1123 239 1162 omnia,
284 1130 325 1158 ut
355 1123 408 1158 ita
438 1122 562 1158 socias
593 1122 764 1158 civitates
795 1126 982 1164 tueretur,
1019 1132 1065 1155 ne
1101 1119 1181 1156 acie
1220 1131 1304 1155 cum
1337 1120 1491 1156 Metello

91 1193 305 1236 dimicaret,
340 1193 398 1229 cni
429 1205 497 1228 nec
528 1193 754 1228 auctoritate
784 1204 852 1228 nec
883 1191 1025 1227 viribus
1056 1204 1127 1239 par
1156 1197 1265 1227 esset.
1330 1191 1391 1227 Ne
1420 1191 1494 1239 ipsi

91 1264 241 1312 quidem
274 1263 468 1300 consilium
502 1275 584 1299 esse
614 1263 750 1298 ducere
779 1262 963 1298 adversus
983 1262 1229 1312 'Pompeium
1287 1262 1425 1309 Neque
1454 1261 1492 1297 in

90 1333 209 1370 aciem
241 1334 509 1370 descensurum
541 1345 623 1369 eum
656 1332 852 1375 credebat;
884 1332 914 1367 si
946 1333 1157 1368 traheretur
1186 1332 1347 1377 bellum,
1379 1333 1491 1377 hosti,

89 1415 173 1440 cum
205 1416 310 1439 mare
341 1405 389 1440 ab
420 1411 526 1451 tergo
560 1402 854 1451 provinciasque
875 1414 1006 1438 omnes
1043 1403 1078 1438 in
1100 1408 1289 1450 potestate
1319 1403 1491 1449 haberet„

88 1473 250 1509 navibus
281 1474 447 1522 undique
477 1480 712 1510 commeatus
741 1480 942 1515 VenturOS,
972 1473 1044 1521 ipsi
1075 1479 1223 1515 autem,
1257 1475 1490 1522 consumptis

87 1544 214 1592 priore
244 1551 387 1582 aestate.
418 1557 502 1592 quae
530 1550 747 1592 praeparata
766 1542 937 1588 fuissent,
969 1543 1134 1579 omnium
1165 1554 1290 1578 rerum
1321 1543 1488 1592 inopiam

86 1613 180 1650 fore.
238 1616 473 1663 Perpernam
490 1615 527 1649 in
546 1613 773 1650 maritimam
795 1613 986 1661 regionem
1015 1613 1342 1660 †superpositum,
1376 1620 1415 1649 ut
1433 1627 1490 1659 ea,

87 1697 170 1732 quae
200 1685 347 1732 integra
387 1685 511 1720 adhuc
551 1686 598 1720 ab
642 1685 750 1720 hoste
788 1684 881 1728 sint,
926 1683 1023 1719 tueri
1056 1683 1195 1732 possit,
1240 1691 1295 1728 et,
1338 1684 1368 1720 si
1415 1697 1490 1732 qua

86 1755 237 1792 occasio
268 1755 395 1800 detur,
439 1755 611 1790 incautos
650 1766 719 1802 per
756 1762 904 1802 tempus
935 1754 1215 1802 adgressurum.
1282 1755 1369 1803 Ipse
1404 1767 1488 1791 cum

86 1837 155 1861 suo
186 1826 352 1862 exercitu
383 1826 420 1861 in
451 1826 621 1862 Berones
650 1833 685 1861 et
707 1825 936 1861 Autricones
966 1824 1145 1873 progredi
1175 1824 1324 1869 stat-uit,
1356 1837 1378 1861 a
1407 1826 1489 1873 qui-

85 1896 156 1932 bus
194 1908 293 1944 saepe
325 1908 392 1944 per
426 1895 609 1939 hiemem5
656 1908 740 1931 cum
780 1896 828 1931 ab
869 1907 908 1931 se
949 1901 1261 1943 oppugnarentur
1292 1893 1490 1932 Celtibero!¹

85 1967 220 2011 urbes,
267 1966 496 2015 inploratam
530 1978 611 2002 esse
642 1978 751 2014 opem
784 1967 945 2013 Pompei
976 1972 1220 2014 conpererat,
1264 1966 1488 2015 missosque,

86 2037 149 2085 qui
193 2036 330 2072 itinera
378 2035 561 2072 exercitui
603 2037 780 2073 Romano
826 2042 1102 2079 monstrarent;
1150 2041 1187 2071 et
1229 2037 1275 2072 ab
1318 2037 1487 2085 ipsorum

85 2107 274 2155 equitibus
307 2113 468 2142 vexatos
499 2119 598 2154 saepe
629 2102 767 2142 milites
798 2118 900 2150 suos,
932 2118 1172 2153 quocumque
1203 2118 1226 2142 a
1256 2107 1390 2143 castris
1421 2120 1489 2156 per

85 2177 407 2226 oppugnationem
453 2175 667 2213 Contrebiae
710 2176 918 2225 pabulandi
964 2182 1029 2212 aut
1072 2174 1328 2213 frumentandi
1373 2190 1488 2214 causa

84 2248 415 2296 progrederentur.
480 2248 578 2284 Ausi
621 2254 700 2283 tum
748 2259 899 2295 qnoque
937 2251 1040 2281 eraut
1075 2247 1253 2283 Arvacos
1292 2247 1329 2283 in
1359 2254 1489 2296 partes

83 2318 290 2357 sollicitare.
353 2317 467 2354 Edito
501 2319 536 2353 in
565 2319 609 2354 iis
649 2318 819 2366 evemplo,
857 2316 944 2354 belli
987 2316 1184 2353 consilium
1226 2328 1267 2353 Se
1294 2317 1487 2363 ini-turum,

83 2393 209 2424 utrum
249 2389 352 2437 prius
391 2389 557 2433 hostem,
599 2395 722 2424 utram
768 2387 1003 2436 provinciam
1041 2393 1161 2435 petat,
1207 2386 1487 2424 maritimamne

85 2470 212 2503 oram,
261 2466 300 2494 ut
348 2458 574 2506 Pompeium
622 2459 670 2495 ab
710 2458 925 2495 Ilercaonia
971 2463 1007 2492 et
1048 2455 1296 2494 Contestania
1345 2467 1486 2503 arceat,

83 2535 244 2576 utraque
284 2529 389 2565 socia,
430 2535 562 2576 gente,
603 2541 651 2564 an
683 2529 732 2564 ad
761 2528 954 2564 Metellum
986 2534 1024 2564 et
1054 2527 1291 2564 Lusitaniam
1323 2540 1363 2564 se
1396 2541 1486 2566 eon-

83 2604 219 2633 vertat.
