1742 2902
445 147 546 179 Liber
570 145 680 178 xm.
732 147 794 185 (A.
824 145 903 177 chr.
937 145 1031 185 172.)
1341 147 1389 179 55

761 234 781 250 Χ

34 272 136 321 regis
167 271 304 308 missus
334 276 437 314 erat,
468 270 598 314 rediit,
629 269 955 317 congruentiaque
986 267 1114 304 onmia
1146 264 1366 301 criminibus
1398 265 1446 300 ab

36 342 208 380 Eumene
238 339 376 376 adlatis
406 339 609 376 referebat.
674 339 796 375 Simul
834 347 870 375 et.
910 338 1125 374 adduxerat
1157 348 1284 372 secum
1315 335 1448 371 Praxo

37 424 61 448 a
90 409 274 458 Delphis,
313 409 420 445 cuius
459 409 594 445 domus
630 409 911 456 receptaculum
945 406 1136 442 latronum
1170 405 1308 447 fuerat,
1338 411 1374 439 et
1407 403 1450 439 L.

36 479 253 518 Rammium
278 478 561 521 Brundisinum,
593 479 657 526 qui
679 478 766 514 talis
792 477 919 514 indicii
954 476 1103 512 delator
1128 483 1221 512 erat.
1266 474 1452 522 Princeps

37 549 216 587 Brundisi
247 548 446 585 Rammius
478 546 562 590 fuit,
592 547 837 596 hospitioque
877 554 913 583 et
943 547 1057 582 duces
1087 547 1286 583 Romanos
1318 555 1450 580 omnes

38 626 75 656 et
102 618 263 666 legatos,
294 625 510 653 exterarum
535 630 688 664 quoque
704 617 871 665 gentium
896 616 1075 664 insignes.
1096 615 1287 663 praecipue
1313 613 1453 661 regios,

38 688 262 736 accipiebat.
320 687 382 723 Ex
416 699 460 723 eo
495 688 630 723 notitia
661 687 693 723 ei
730 699 814 723 cum
847 687 1004 722 absente
1035 686 1178 722 Perseo
1212 683 1359 726 fuerat,
1390 682 1450 718 lit-

37 757 204 804 terisque
236 769 343 805 spem
387 756 563 792 amicitiae
596 756 786 793 interioris
830 768 1054 804 magnaeque
1084 754 1172 790 inde
1202 753 1366 789 formnae
1395 751 1453 788 fa-

38 826 248 871 cientibus,
280 826 328 862 ad
362 838 489 874 regern
522 825 738 874 profectus,
773 826 879 861 brevi
911 824 1182 874 perfamiliaris
1212 823 1345 859 haberi
1377 830 1453 858 tra-

38 895 153 943 hique
184 895 327 943 magis,
373 908 487 943 quam
519 896 653 938 vellet,
698 895 735 931 in
771 905 932 931 arcanos
970 903 1165 928 sermones
1209 899 1266 928 est
1296 899 1454 939 coeptus.

37 965 245 1002 Promissis
281 965 379 1001 enim
411 966 627 1014 ingentibus
668 965 847 1013 praemiis,
887 970 1016 1011 petere
1055 961 1188 997 institit
1220 963 1268 998 ab
1299 974 1344 997 eo
1374 973 1456 1005 rex,

40 1034 220 1083 quoniam
251 1034 366 1070 duces
407 1047 538 1071 omnes
567 1035 761 1083 legatique
791 1032 956 1070 Romani
994 1030 1160 1079 hospitio
1193 1032 1273 1068 eius
1303 1031 1357 1067 uti
1389 1030 1456 1066 ad-

40 1109 223 1145 suessent,
256 1103 392 1150 quibus
422 1116 552 1140 eorum
585 1104 668 1152 ipse
700 1103 935 1151 scripsisset,
979 1109 1021 1137 ut
1058 1113 1248 1137 venenum
1288 1100 1457 1137 dandum

41 1180 203 1208 curaret.
273 1170 391 1209 Cuius
431 1173 527 1210 scire
568 1186 608 1210 se
639 1172 951 1221 conparationem
984 1170 1189 1219 plurimum
1222 1169 1458 1207 difficultatis

41 1248 79 1277 et
112 1241 270 1289 periculi
300 1242 461 1287 habere3
506 1243 678 1291 pluribus
718 1242 879 1278 consciis
918 1241 1140 1289 conparari;
1183 1248 1320 1277 eventu
1360 1252 1458 1288 prae-

40 1316 146 1347 terea
176 1312 319 1347 incerto
354 1324 456 1355 esse,
501 1320 541 1348 ut
571 1321 637 1349 aut
667 1313 761 1348 satis
800 1311 973 1348 efficacia
1010 1311 1058 1347 ad
1087 1324 1166 1347 rem
1198 1309 1459 1359 peragendam

43 1388 109 1418 aut
139 1389 221 1417 tuta
251 1381 300 1417 ad
333 1380 452 1431 [rem]
487 1382 684 1419 celandam
719 1383 865 1420 dentur.
929 1381 979 1418 Se
1010 1381 1210 1426 daturum,
1258 1380 1360 1428 quod
1391 1392 1460 1416 nec

42 1451 79 1488 in
111 1452 239 1488 dando
278 1464 347 1488 nec
388 1453 519 1488 datum
564 1453 639 1489 ullo
674 1453 783 1501 signo
821 1451 1004 1500 deprendi
1041 1459 1185 1500 posset.
1247 1450 1461 1494 Rammius,

43 1522 185 1558 veritus
211 1534 270 1565 ne,
301 1522 331 1557 si
359 1523 566 1565 abnuisset,
597 1522 742 1570 primus
768 1522 849 1570 ipse
868 1521 1004 1556 veneni
1026 1521 1327 1569 experimentum
1351 1528 1462 1565 esset,

43 1590 232 1628 facturum
269 1591 460 1640 pollicitus
498 1592 774 1639 proficiscitur,
812 1603 882 1627 nec
921 1591 1169 1627 Brundisium
1209 1597 1297 1626 ante
1326 1590 1463 1635 redire,

46 1672 160 1709 quam
201 1670 390 1698 convento
432 1660 474 1698 C.
505 1661 664 1698 Valerio
695 1661 844 1709 legato,
887 1660 951 1708 qui
990 1661 1092 1696 circa
1127 1659 1347 1697 Chalcidem
1381 1671 1464 1696 esse

45 1729 255 1774 dicebatur,
285 1731 417 1767 voluit.
487 1731 551 1767 Ad
582 1744 666 1767 eum
698 1731 863 1779 primum
894 1729 1034 1766 indicio
1067 1730 1217 1774 delato,
1246 1730 1351 1766 iussu
1382 1729 1463 1765 eius

45 1799 208 1836 Romam
240 1800 353 1837 simul
385 1801 498 1837 venit.
560 1801 806 1838 Introductus
836 1800 874 1836 in
905 1800 1071 1844 curiam,
1111 1808 1205 1848 quae·
1225 1807 1313 1835 acta
1343 1805 1465 1843 erant,

47 1869 235 1918 exposuit.

157 1940 252 1975 Haec
281 1939 329 1975 ad
361 1951 420 1984 ea,
451 1952 535 1987 quae
564 1940 612 1975 ab
636 1940 809 1976 Eumene
839 1940 968 1976 delata
997 1945 1117 1983 erant,
1149 1950 1356 1982 accessere,
1387 1950 1463 1985 quo

48 2009 233 2045 maturius
264 2009 384 2045 hostis
415 2010 580 2045 Perseus
609 2009 863 2053 iudicaretur,
900 2010 1041 2057 quippe
1076 2020 1186 2056 quem
1218 2019 1294 2042 non
1324 2007 1464 2043 iustum

48 2079 162 2115 modo
197 2091 388 2128 apparare
413 2079 552 2115 bellum
580 2079 686 2128 regio
714 2078 854 2123 animo,
884 2080 950 2115 sed
974 2091 1043 2127 per
1069 2077 1198 2114 omnia
1229 2077 1466 2113 clandestina

50 2149 217 2197 grassari
249 2148 393 2185 scelera
416 2148 703 2185 latrociniorum
733 2161 779 2185 ac
801 2148 1072 2185 veneficiorum
1099 2147 1315 2184 cernebant.
1365 2146 1465 2183 Belli

52 2314 72 2343 3
97 2313 183 2351 regis
209 2314 279 2343 eius
313 2318 383 2342 erat
409 2313 495 2342 redit
542 2311 574 2349 2,
602 2315 620 2342 3
650 2321 817 2342 rammam
841 2312 846 2350 l
867 2311 970 2341 indici
1035 2309 1067 2347 3,
1095 2315 1112 2340 2
1150 2310 1298 2351 hospitio
1332 2320 1467 2350 quoque

59 2367 183 2408 Weiss„
210 2368 282 2410 My.
310 2368 382 2400 Em.
411 2368 492 2401 516.
537 2373 556 2400 3
582 2369 724 2408 insignis
751 2377 885 2408 quoque
911 2370 1077 2408 praecipue
1125 2366 1157 2403 4,
1177 2371 1196 2398 3
1222 2377 1282 2408 per
1299 2366 1466 2398 familiam

51 2424 167 2456 haberi
227 2431 247 2457 4
274 2435 446 2456 sermones
475 2432 508 2456 et
534 2433 681 2466 coepturn
743 2425 775 2458 6.
803 2430 820 2456 2
857 2424 946 2456 Fort.
973 2425 1098 2456 habere
1122 2424 1277 2465 pluribus
1303 2425 1465 2456 consciis3

53 2489 172 2513 eventu
197 2488 252 2513 cet.
279 2482 352 2513 Em.
380 2481 461 2514 516.
520 2482 552 2519 7,
581 2487 600 2513 2
627 2483 854 2523 peragendam
881 2482 922 2512 ad
949 2488 1022 2513 tuta
1069 2487 1089 2513 3
1115 2492 1185 2513 rem
1215 2482 1337 2512 notavit
1365 2481 1464 2514 Gron.

56 2536 204 2580 {quenec
244 2544 264 2570 4
278 2539 411 2570 defendi
452 2539 485 2575 8,
502 2543 520 2570 2
536 2540 663 2570 ueritus
683 2540 744 2570 nisi
764 2539 938 2570 abnuisset
979 2544 999 2570 4
1013 2539 1246 2571 circaalcidem
1289 2538 1321 2577 9,
1340 2543 1353 2570 1
1372 2539 1468 2570 iussu

54 2595 301 2627 einssuromam
365 2601 383 2627 2
412 2607 443 2637 q.
471 2604 548 2628 acta
615 2596 748 2628 XVIII.
775 2596 807 2633 1,
838 2599 851 2627 1
881 2606 953 2637 eaq.
982 2596 1025 2628 ab
1090 2601 1110 2628 3
1136 2596 1310 2638 appellare
1334 2596 1466 2628 bellum

57 2648 63 2691 Ι
89 2651 311 2683 clamdestine.
359 2657 380 2684 4
406 2653 534 2684 scelere
557 2654 562 2693 Ι
582 2653 823 2684 beneficiorum

1489 957 1509 990 0!

1524 1930 1576 1976 18
