1742 2902
631 778 959 824 PRAEFATtO

476 899 536 943 lo.
570 898 785 944 NtcoLAl
820 898 1095 944 MAnvmn.

189 1086 400 1124 Consilium
431 1095 467 1123 et
499 1086 644 1123 initium
679 1085 809 1129 huius,
851 1098 964 1133 quam
1000 1087 1147 1134 aliquot
1183 1087 1259 1123 iam
1300 1099 1421 1123 annos
1451 1088 1488 1123 in

79 1143 125 1179 T.
160 1142 257 1179 Livii
288 1143 392 1178 libris
424 1154 540 1190 pono,
574 1152 700 1188 operae
732 1152 872 1188 magna
902 1154 949 1177 ex
980 1150 1090 1189 parte
1122 1142 1211 1178 mihi
1242 1150 1372 1178 natum
1405 1154 1487 1178 esse

79 1210 103 1233 a
132 1197 334 1245 postremis
368 1198 556 1245 quinque,
587 1196 649 1243 qui
680 1203 902 1243 supersunt,
933 1196 1038 1232 libris
1069 1197 1294 1244 codiceque,
1330 1197 1393 1244 qui
1425 1209 1489 1233 eos

77 1255 173 1288 unus
204 1260 344 1295 servat,
374 1252 455 1288 sive
487 1251 844 1288 Laurishamensem
877 1251 957 1287 sive
985 1251 1324 1288 vindobonensem
1358 1251 1488 1299 appel-

76 1306 156 1342 lare
189 1307 388 1351 malumus,
419 1307 497 1342 dixi
527 1307 601 1342 iam
636 1306 672 1341 in
704 1305 1023 1341 Emendationum
1051 1307 1294 1342 Livianarum
1329 1306 1488 1342 exordio

77 1361 131 1410 (p.
155 1363 206 1408 2).
252 1362 389 1409 Itaque
420 1374 534 1409 quum
566 1361 688 1408 ipsum
715 1360 812 1396 Livii
844 1372 940 1408 opus
970 1373 1054 1397 cum
1086 1362 1269 1409 Ussingio
1301 1361 1487 1397 edendum

76 1418 338 1465 suscepissem,
369 1415 634 1457 iucunditatis,
665 1423 705 1450 ut
736 1415 772 1450 in
802 1428 843 1451 re
875 1427 950 1450 non
982 1428 1141 1463 magna,
1176 1416 1320 1452 fructus
1349 1416 1486 1463 aliquis

75 1483 122 1506 ex
153 1484 197 1506 eo
229 1472 536 1519 proponebatur,
576 1470 630 1514 si,
661 1469 763 1517 quod
793 1482 915 1518 prope
944 1472 1148 1518 sperabam
1180 1471 1287 1514 fore,
1319 1471 1485 1518 quinque

74 1525 157 1562 illos
188 1526 306 1562 libros
336 1526 384 1561 ad
422 1525 562 1562 codicis
605 1525 714 1560 fidem
747 1534 931 1572 perpetua
971 1525 1191 1561 recensione
1221 1532 1378 1561 exactos
1408 1525 1484 1573 pri-

73 1592 155 1615 mus
185 1581 238 1616 ita
265 1580 480 1623 edidissem,
516 1588 568 1619 ut,
600 1586 782 1614 annotata
812 1579 914 1615 omni
946 1580 1087 1616 codicis
1117 1580 1319 1628 scriptura,
1349 1580 1484 1616 ceteris

71 1633 119 1670 de
147 1635 221 1671 fide
251 1635 391 1671 codicis
421 1642 458 1670 et
487 1634 662 1670 editionis
692 1633 883 1670 iudicandi
914 1634 1026 1682 plena
1055 1635 1162 1671 fieret
1183 1636 1306 1683 copia.
1352 1638 1484 1682 Atque

71 1688 204 1731 etiam,
249 1702 364 1737 quum
396 1697 527 1725 aestate
562 1688 768 1735 superioris
799 1689 888 1725 anni
922 1689 1192 1726 vindobonam
1231 1690 1483 1726 excurrissem

70 1743 275 1792 codiceque
311 1757 378 1792 per
409 1744 556 1792 aliquot
586 1743 667 1779 dies
696 1743 866 1779 studiose
897 1752 1073 1786 tractato,
1105 1753 1287 1792 quantum
1320 1744 1482 1781 enotatis

68 1797 159 1834 mihi
191 1800 238 1835 ab
274 1799 357 1835 aliis
388 1799 468 1835 eius
498 1798 694 1846 scripturis
736 1798 926 1834 confidere
965 1812 1137 1848 possem,
1171 1800 1253 1848 ipse
1285 1800 1482 1848 exploras-

66 1863 145 1889 sem
177 1853 509 1901 dubitationesque
539 1853 688 1901 aliquas
718 1854 981 1898 sustulissem,
1021 1855 1258 1894 decrevimus
1289 1864 1481 1891 extremos

65 1907 136 1943 hos
166 1908 306 1950 libros,
336 1921 497 1956 quorum
530 1909 645 1945 editio
678 1907 790 1943 aliam
823 1917 939 1955 atque
969 1918 1179 1945 ceterorum
1216 1909 1380 1945 formam
1412 1910 1480 1945 ha·

65 1961 192 1999 bitura
222 1971 333 2007 esset,
362 1963 489 1999 statim
525 1963 714 2005 emittere,
744 1963 922 2010 sepositis
957 1964 1245 2012 aliquantisper,
1275 1965 1339 2012 qui
1371 1963 1479 1999 volu-

65 2017 176 2053 minis
215 2018 314 2054 tertii
353 2026 493 2053 nostrae
530 2017 705 2053 editionis
735 2026 845 2065 parte
875 2018 996 2055 altera
1027 2019 1337 2061 continebuntur,
1374 2019 1479 2054 libris

66 2084 89 2108 a
118 2073 309 2108 tricesimo
341 2080 451 2108 sexto
474 2072 521 2108 ad
545 2072 892 2120 quadragesimum.
944 2074 1019 2110 Sed
1052 2073 1169 2118 illam,
1201 2086 1314 2121 quam
1347 2086 1478 2121 spera-

64 2139 254 2171 veramus,
275 2127 456 2164 novitatis
476 2127 655 2174 gratiam,
687 2139 801 2174 quum
834 2128 946 2163 etiam
971 2136 1049 2164 tum
1080 2129 1117 2164 in
1148 2129 1413 2176 componenda
1443 2135 1478 2164 et

64 2181 289 2218 adornanda
328 2182 492 2218 editione
529 2183 797 2224 versabamur,
842 2183 1021 2230 praecepit
1059 2183 1248 2219 Martinus
1287 2184 1478 2229 Hertzius,

64 2235 113 2272 V.
136 2235 193 2273 Cl.
241 2237 281 2273 Is
310 2237 422 2279 enim,
453 2249 567 2284 quum
591 2238 639 2272 ab
663 2237 717 2272 10.
740 2236 904 2279 Vahlen,
935 2237 1152 2284 professore
1175 2238 1477 2283 Vindobonensi‚

64 2302 213 2327 omnem
244 2291 386 2327 codicis
416 2291 612 2339 scripturae
644 2291 868 2327 varietatem
908 2292 1107 2340 diligenter
1140 2300 1332 2328 enotatam
1367 2305 1474 2329 acce-

61 2345 199 2392 pisset,
241 2346 338 2381 hanc
370 2346 521 2382 Liviani
555 2346 681 2394 operis
712 2355 857 2393 partem
890 2346 939 2381 ad
971 2347 1139 2382 codicem
1172 2355 1348 2383 exactam
1381 2359 1472 2383 auc-

62 2405 193 2435 tumno
244 2401 450 2448 superioris
495 2401 583 2436 anni
628 2400 729 2448 apud
772 2401 1065 2437 Tauchnitzium
1109 2401 1225 2437 edidit
1272 2402 1474 2449 ipsamque

62 2454 258 2490 varietatis
287 2455 569 2491 annotationem
601 2456 787 2502 integram
820 2456 1005 2491 adiunxit.
1059 2456 1198 2504 Neque
1227 2463 1356 2492 tamen
1385 2457 1472 2492 ideo

61 2516 201 2544 nostrae
233 2509 342 2545 nobis
385 2509 560 2546 editionis
599 2510 797 2545 consilium
829 2510 1051 2547 mutandum
1083 2511 1206 2547 visum
1240 2518 1308 2548 est.
1368 2511 1472 2547 Nam

63 2573 178 2610 quum
222 2570 340 2600 totam
385 2564 555 2601 Livianae
598 2565 782 2601 orationis
822 2564 986 2602 formam
1031 2578 1188 2614 prorsus
1232 2566 1279 2602 de
1320 2566 1470 2614 integro

62 2617 387 2655 constituissemus
428 2625 466 2655 et
501 2619 618 2656 talem
659 2618 937 2665 effecissemus,
978 2621 1101 2669 qualis
1139 2621 1279 2658 codicis
1309 2620 1472 2668 vestigia
