1753 2934
284 178 305 212 4
313 179 332 212 4
838 175 1011 207 Periochae

226 306 344 348 paucis
372 306 540 347 equitibus
564 306 754 338 iuvantibus
773 307 951 339 liberatum
978 313 1046 347 est3
1072 313 1331 349 castrorumque,
1359 318 1432 349 quae
1449 307 1627 351 Carthagi-

226 369 360 400 nienses
388 369 542 399 omnibus
561 368 664 408 copiis
683 368 725 398 ab
749 370 828 401 urbe
847 371 970 411 pariter
992 370 1115 410 egressi
1134 370 1384 411 oppugnabant,
1411 371 1625 404 liberatorum

226 430 253 461 is
278 431 346 471 ipse
365 431 566 472 praecipuam
586 429 727 470 gloriam
749 431 832 462 tulit.
879 431 1045 462 Praeterea
1070 441 1171 473 quum
1194 433 1236 462 ab
1255 433 1346 463 irrita
1373 434 1626 473 oppugnatione

228 490 442 532 Carthaginis
485 491 601 523 consul
637 490 735 534 (alter
772 494 859 523 enim
887 493 1027 524 Romam
1065 494 1106 524 ad
1148 494 1282 525 comitia.
1315 492 1411 536 ierat)
1445 492 1625 527 exereitum

227 553 363 583 duceret
388 553 547 585 adversus
573 554 837 593 Hasdrubalem,
875 554 931 594 qui
965 564 1040 585 eum
1067 556 1178 597 ampla
1205 566 1303 587 manu
1329 556 1450 588 saltum
1475 557 1624 598 iniquum

224 614 404 651 insederat,
442 617 550 647 suasit
574 618 681 657 primo
708 617 849 654 consuli,
875 626 916 647 ne
943 623 1008 647 tam
1036 618 1149 658 iniquo
1175 618 1250 649 loeo
1277 617 1486 658 confligeret;
1521 619 1626 651 victus

226 676 345 707 deinde
389 679 628 718 complurium,
683 679 738 719 qui
787 686 819 710 et
856 679 1042 720 prudentiae
1090 686 1121 710 et
1164 680 1276 710 virtuti
1317 679 1386 710 eius
1423 680 1626 719 invidebant,

226 739 402 770 sententiis
429 746 459 770 et
485 740 554 780 ipse
580 740 699 770 saltum
728 741 894 780 ingressus
922 747 980 772 est.
1033 740 1155 779 Quum,
1182 741 1267 772 sicut
1292 742 1503 782 praedixerat,
1533 741 1626 774 fusus

226 798 429 840 fugatusque
467 808 556 832 esset
592 802 768 833 Romanus
801 803 967 834 exercitus
1005 809 1038 835 et
1075 804 1148 833 duae
1177 803 1332 834 cohortes
1368 803 1410 834 ab
1445 803 1541 835 hoste
1566 804 1627 835 ob-

225 862 428 899 siderentur,
457 873 531 894 eum
558 864 674 904 paucis
701 864 849 903 equitum
877 866 991 896 turmis
1016 866 1050 896 in
1076 865 1196 896 saltum
1221 874 1372 896 reversus
1397 865 1548 896 liberavit
1573 875 1628 898 eas

225 930 258 954 et
285 925 470 956 incolumes
496 926 640 957 reduxit.
692 925 800 964 Quam
828 927 981 958 virtutem
1010 928 1079 958 eius
1101 933 1133 958 et
1153 926 1249 966 Cato,
1276 926 1327 958 vir
1351 928 1562 969 promptioris
1584 928 1628 959 ad

226 986 484 1028 vituperandum
510 987 646 1027 linguae,
674 987 706 1017 in
733 993 851 1018 senatu
877 987 924 1018 sic
950 994 1145 1028 prosecutus
1171 995 1232 1027 est,
1261 995 1296 1020 ut
1321 989 1446 1020 diceret
1470 989 1627 1031 reliquos,

225 1048 280 1087 qui
308 1049 340 1078 in
360 1048 476 1079 Africa
505 1048 697 1085 militarent,
724 1050 858 1080 umbras
885 1050 1034 1081 volitare.
1062 1050 1250 1091 Scipionem
1277 1051 1398 1090 vigere,
1426 1057 1459 1082 et
1483 1051 1626 1092 populus

223 1109 397 1140 Romanus
416 1120 454 1140 eo
475 1109 586 1141 favore
609 1111 815 1152 complexus,
844 1118 879 1142 ut
898 1111 1041 1143 comitiis
1059 1112 1210 1152 plurimae
1229 1122 1301 1143 eum
1323 1112 1428 1143 tribus
1454 1112 1627 1143 consulem

224 1171 423 1209 scriberent,
459 1182 560 1212 quum
594 1172 657 1203 hoc
691 1182 751 1213 per
781 1178 912 1204 :etatem
947 1183 1013 1203 non
1046 1174 1173 1205 liceret.
1225 1174 1334 1212 Quum
1368 1174 1405 1205 L.
1433 1173 1628 1205 Scribonius

224 1237 264 1263 tr.
297 1232 343 1273 pl.
379 1233 589 1271 rogationem
626 1234 892 1274 promulgasset,
936 1241 971 1266 ut
1001 1235 1172 1274 Lusitani,
1214 1237 1268 1277 qui
1305 1237 1336 1266 in
1371 1236 1470 1266 lidem
1501 1235 1627 1276 populo

223 1294 379 1325 Romano
418 1295 520 1326 dediti
567 1295 608 1326 ab
647 1294 717 1326 Ser.
755 1296 863 1327 Galba
901 1298 933 1327 in
967 1296 1114 1328 Galliam
1149 1298 1331 1335 venissent,
1373 1297 1406 1327 in
1441 1297 1626 1328 libertatem

224 1355 487 1396 restituerentur,
513 1357 561 1388 M.
589 1355 674 1388 Cato
701 1358 860 1389 acerrime
888 1360 1004 1390 suasit.
1055 1358 1175 1390 Exstat
1201 1360 1306 1390 oratio
1333 1365 1365 1390 et
1391 1359 1424 1389 in
1450 1359 1627 1390 annalibus

223 1417 326 1458 ipsius
352 1417 493 1450 inclusa.
546 1418 587 1457 Q.
606 1419 743 1450 Fulvius
771 1419 925 1451 Nobilior
951 1421 990 1457 ei,
1017 1430 1104 1462 saepe
1130 1421 1171 1451 ab
1199 1430 1237 1451 eo
1264 1421 1295 1451 in
1316 1428 1432 1452 senatu
1451 1421 1626 1461 laceratus,

224 1480 397 1520 respondit
431 1491 490 1521 pro
519 1482 643 1519 Galba3
690 1482 760 1522 ipse
796 1491 929 1523 quoque
957 1480 1078 1519 Galba,
1111 1493 1210 1523 quum
1245 1492 1278 1513 se
1310 1483 1458 1514 damnari
1492 1472 1638 1520 videret,

225 1541 421 1581 complexus
447 1543 531 1574 duos
556 1543 643 1574 filios
668 1549 886 1584 praetextatos
914 1550 944 1574 et
973 1544 1111 1585 Sulpicii
1139 1543 1230 1575 Galli
1256 1544 1376 1585 filium,
1415 1544 1508 1575 cuius
1539 1549 1629 1575 tutor

224 1608 312 1641 erat,
354 1604 400 1634 ita
443 1604 680 1636 miserabiliter
713 1615 773 1647 pro
808 1615 842 1636 se
882 1605 1012 1637 locutus
1047 1612 1113 1642 est,
1155 1613 1191 1637 ut
1226 1607 1354 1646 rogatio
1389 1607 1626 1647 antiquaretur.

223 1665 369 1696 Exstant
396 1672 462 1697 tres
489 1669 658 1698 orationes
686 1668 767 1705 eius,
795 1667 867 1698 duae
893 1668 1053 1699 adversus
1071 1668 1236 1699 Libonem
1264 1674 1303 1699 tr.
1331 1668 1375 1708 pl.
1403 1669 1628 1707 rogationem-

224 1736 289 1767 que
315 1728 386 1758 eius
412 1728 535 1758 habitae
561 1729 601 1759 de
628 1729 814 1768 Lusitanis,
843 1739 909 1760 una
936 1736 1051 1761 contra
1077 1730 1114 1760 L.
1143 1728 1334 1760 Cornelium
1363 1728 1567 1769 Cethegum,
1593 1730 1627 1761 in

225 1799 290 1830 qua
308 1790 491 1821 Lusitanos
516 1799 618 1831 prope
637 1799 671 1821 se
695 1796 803 1821 castra
829 1791 992 1823 habentes
1019 1801 1119 1822 caesos
1147 1791 1279 1829 fatetur,
1307 1792 1393 1831 quod
1421 1799 1627 1833 compertum

223 1851 395 1889 habuerit,
430 1861 516 1892 equo
555 1858 654 1892 atque
688 1852 823 1883 homine
863 1863 922 1884 suo
955 1853 1019 1884 ritu
1052 1854 1245 1892 immolatis,
1283 1864 1342 1894 per
1367 1853 1511 1894 speciem
1537 1854 1628 1895 pacis

223 1913 346 1944 adoriri
374 1914 555 1944 exereitum
582 1923 678 1944 suum
705 1915 738 1944 in
764 1915 875 1945 animo
902 1915 1072 1946 habuisse.
1125 1916 1312 1947 Andriscus
1331 1915 1477 1955 quidam,
1503 1915 1628 1946 ultimae

223 1975 322 2007 sortis
347 1976 468 2013 homo,
498 1975 613 2006 Persei
640 1977 727 2016 regis
754 1987 787 2007 se
814 1976 917 2007 filium
944 1977 1055 2009 serens
1081 1983 1113 2007 et
1137 1983 1265 2007 mutato
1293 1977 1426 2008 nomine
1451 1977 1627 2018 Philippus

223 2044 370 2075 vocatus,
402 2047 503 2078 quum
531 2037 573 2068 ab
601 2038 682 2069 urbe
707 2039 834 2079 Roma,
862 2049 926 2080 quo
946 2039 1039 2070 illum
1069 2039 1259 2070 Demetrius
1285 2038 1389 2079 Syriae
1415 2049 1472 2070 rex
1498 2040 1539 2070 ob
1565 2039 1628 2070 hoc

224 2100 331 2140 ipsum
365 2100 576 2130 mendacium
604 2101 761 2139 miserat,
803 2101 888 2132 clam
915 2102 1138 2143 profugisset,
1180 2101 1292 2132 multis
1328 2102 1370 2132 ad
1403 2100 1522 2132 falsam
1558 2101 1628 2132 eius

223 2161 372 2192 fabulam
408 2163 499 2192 velut
533 2162 575 2192 ad
610 2171 719 2193 veram
755 2164 971 2202 coeuntibus,
1017 2168 1190 2194 contracto
1229 2163 1375 2193 exercitu
1411 2169 1516 2194 totam
1554 2163 1628 2194 Ma-

224 2224 401 2254 cedoniam
442 2230 498 2254 aut
532 2223 706 2255 voluntate
738 2225 954 2255 incolentium
993 2230 1050 2255 aut
1085 2225 1184 2255 armis
1223 2225 1411 2265 occupavit.
1461 2225 1628 2256 Fabulam

225 2290 336 2314 autern
367 2285 466 2315 talem
494 2284 652 2316 finxerat:
691 2296 733 2317 ex
765 2287 884 2328 pellice
918 2296 952 2317 se
988 2292 1020 2317 et
1043 2286 1167 2317 Perseo
1199 2296 1278 2327 rege
1304 2294 1430 2324 ortum,
1469 2286 1627 2317 traditum

224 2345 433 2376 educandum
466 2345 614 2378 Cretensi
642 2349 772 2379 cuidam
808 2358 899 2386 esse,
937 2354 972 2379 ut
1007 2349 1040 2379 in
1074 2348 1152 2379 belli
1189 2357 1305 2385 casus,
1342 2349 1431 2389 quod
1464 2348 1521 2379 ille
1552 2357 1627 2379 cum

224 2406 386 2437 Romanis
405 2415 546 2449 gereret,
575 2410 710 2450 aliquod
737 2409 827 2440 velut
846 2419 956 2440 semen
974 2409 1083 2450 stirpis
1102 2410 1201 2449 regiae
1222 2416 1377 2441 exstaret.
1423 2409 1628 2451 Adramyttii

223 2477 258 2499 se
284 2469 460 2500 educatum
488 2481 595 2511 usque
627 2473 668 2502 ad
703 2472 937 2503 duodecimum
970 2471 1077 2502 aetatis
1111 2482 1252 2509 annum,
1286 2478 1413 2514 patrem
1448 2481 1522 2503 eum
1556 2481 1628 2504 esse

224 2531 431 2569 credentem,
482 2543 500 2563 a
541 2543 606 2574 quo
642 2535 857 2571 educaretur,
899 2533 1052 2573 ignarum
1089 2535 1221 2574 generis
1256 2533 1360 2566 sui'sse
1397 2533 1464 2571 sui;
1506 2533 1626 2566 affecto

223 2593 343 2623 deinde
369 2603 427 2631 eo,
464 2604 565 2635 quum
598 2605 702 2636 prope
740 2596 782 2626 ad
816 2596 969 2626 ultimum
1004 2596 1102 2626 tinem
1135 2597 1210 2627 vitae
1244 2601 1347 2636 esset,
1382 2597 1547 2628 detectam
1580 2596 1626 2627 ibi

225 2655 359 2684 tandem
394 2655 558 2694 originem
585 2667 678 2688 suam
717 2657 878 2698 falsaeque
914 2657 1008 2688 matri
1042 2658 1192 2689 libellum
1231 2659 1345 2689 datum
1380 2659 1477 2699 signo
1513 2658 1626 2690 Persei

223 2717 309 2755 regis
336 2716 520 2759 signatum,
548 2727 646 2758 quem
675 2719 737 2750 sibi
764 2720 920 2758 traderet,
947 2728 1049 2760 quum
1076 2721 1117 2751 ad
1143 2721 1302 2761 puberem
1322 2726 1455 2751 aetatem
1472 2720 1627 2758 venisset,
