1796 2929
170 1587 214 1620 10

178 1931 216 1964 ll

305 146 377 179 140
654 139 757 170 Liber
782 138 910 169 XLIII.
963 139 1024 177 (Α,
1052 148 1083 173 u,
1111 148 1138 168 c.
1167 137 1264 177 585.)

244 263 462 310 lllyriisque
492 261 673 304 venditis,
714 261 752 296 in
783 261 1002 296 Penestiam
1039 261 1246 297 exereitum
1278 260 1451 296 redducit>
1481 260 1528 295 ad
1561 259 1649 296 Oae-

245 344 357 368 neum
389 330 570 378 oppidum
602 330 639 365 in
669 336 897 378 potestatem
929 330 1190 378 redigendum,
1219 337 1256 366 et
1276 329 1419 376 alioqui
1437 336 1651 376 opportune

243 402 370 443 situm,
401 407 437 435 et
467 399 649 435 transitus
680 412 726 435 ea
756 407 813 435 est
844 400 880 435 in
913 401 1124 445 Labeates,
1162 401 1226 436 ubi
1259 400 1421 437 Gentius
1452 399 1651 446 regnabat.

246 469 497 506 Praetereunti
529 468 708 516 frequens
726 470 936 514 castellum,
969 470 1217 506 Draudacum
1250 470 1414 512 nomine,
1444 468 1652 516 peritorum

245 538 400 585 quidam
431 538 598 586 regionis
630 539 722 582 eius,
752 537 1002 575 nihilOaeueo
1021 547 1132 587 capto
1166 552 1262 588 opus
1293 551 1387 579 esse,
1417 540 1482 583 ait,
1513 538 1584 574 nisi
1615 538 1652 574 in

244 614 437 656 potestate
469 614 505 643 et
534 608 786 643 Draudacum
817 608 884 651 sit3
915 609 1168 656 opportunius
1199 609 1314 644 etiam
1347 609 1394 643 ad
1427 608 1554 644 omnia
1585 621 1652 656 po-

245 677 355 712 situm
392 688 486 714 esse.
560 676 732 713 Admoto
781 678 972 721 exercitu,
1017 690 1148 714 omues
1193 677 1384 725 extemplo
1430 678 1655 714 dediderunt

246 758 341 782 sese.
408 746 494 793 Qua
524 759 591 795 spe
623 747 804 783 celeriore
834 747 1025 783 deditione
1055 755 1214 791 erectus,
1244 754 1449 795 postquam
1482 746 1654 783 animad-

246 816 372 860 vertit,
406 824 570 863 quantus
603 818 766 864 agminis
797 817 853 852 sui
884 824 1007 852 terror
1037 824 1155 860 esset,
1186 817 1358 852 undecim
1391 817 1467 852 alia
1496 816 1655 852 castella

252 885 384 921 eodem
433 894 533 921 metu
578 886 616 921 in
655 893 882 934 potestatem
914 886 1064 934 redigit.
1127 887 1192 923 Ad
1237 899 1433 934 perpauca
1476 886 1514 922 vi
1558 898 1654 934 opus

245 954 339 999 suit,
371 962 497 991 cetera
528 955 725 991 voluntate
756 956 906 1001 dedita,
946 962 982 992 et
1024 957 1060 991 in
1100 957 1158 992 his
1198 957 1341 1004 recepti
1371 956 1413 992 M
1444 963 1480 992 et
1510 956 1546 992 D
1579 955 1655 992 dis-

246 1025 358 1073 positi
405 1038 473 1073 per
518 1025 696 1072 praesidia
733 1026 870 1062 milites
913 1026 1090 1061 Romani.
1155 1026 1301 1074 Magno
1343 1026 1426 1062 usui
1465 1024 1656 1062 Carvilius

245 1092 465 1140 Spoletinus
497 1102 580 1130 erat
609 1095 646 1130 in
677 1095 911 1143 conloquiis,
942 1095 1116 1139 dicendo,
1147 1095 1239 1131 nihil
1268 1095 1304 1130 in
1335 1096 1439 1143 ipsos
1469 1096 1654 1131 saevitum.

245 1162 310 1198 Ad
341 1161 523 1199 Oaeneum
563 1174 787 1212 perventum
831 1173 905 1209 est,
954 1165 1057 1212 quod
1101 1166 1181 1200 sine
1225 1165 1325 1201 iusta
1371 1165 1656 1213 oppugnatione

245 1232 331 1280 capi
365 1244 441 1267 uon
471 1241 636 1279 poterat.
699 1234 750 1269 Et
782 1235 927 1270 maiore
954 1234 1174 1281 aliquanto,
1206 1247 1319 1282 quam
1356 1242 1495 1279 cetera,
1526 1234 1656 1270 iuven-

246 1307 325 1336 tute
364 1310 400 1337 et
431 1301 599 1338 validum
630 1303 811 1350 oppidum
847 1304 1033 1339 moeni'ous
1065 1312 1171 1346 ‹zi-at,
1220 1312 1256 1339 et
1286 1303 1372 1339 hine
1404 1303 1549 1347 amnis,
1581 1306 1656 1340 Ar-

245 1377 347 1406 tatus
373 1371 549 1415 nomine,
585 1371 672 1407 hine
711 1384 820 1408 mons
853 1373 1034 1420 praealtus
1065 1379 1101 1408 et
1131 1373 1237 1408 aditu
1269 1373 1434 1409 difficilis
1465 1373 1653 1420 cingebat.

245 1439 340 1475 Haee
370 1452 476 1488 spem
509 1441 557 1476 ad
587 1441 838 1477 resistendum
880 1441 1082 1489 oppidanis
1119 1442 1274 1478 dabant.
1354 1443 1541 1487 Perseus,
1586 1442 1659 1478 cir·

245 1509 478 1546 cumvallato
510 1511 667 1558 oppido,
699 1523 877 1559 aggerem
914 1524 937 1547 a
968 1518 1077 1559 parte
1102 1512 1300 1560 superiore
1319 1513 1456 1548 {lucere
1486 1512 1659 1556 instituit,

247 1579 353 1615 cuius
385 1579 584 1615 altitudine
616 1593 745 1616 muros
779 1589 989 1629 superaret.
1058 1581 1171 1627 Quod
1204 1594 1301 1630 opus
1332 1582 1420 1617 dum
1453 1582 1659 1630 perficitur,

247 1649 388 1685 crebris
418 1649 565 1685 iuterim
597 1650 764 1697 proeliis,
812 1651 948 1697 quibus
979 1664 1047 1698 per
1077 1652 1321 1688 excursiones
1353 1660 1389 1687 et
1422 1651 1561 1687 moenia
1588 1663 1660 1687 sua

247 1718 430 1766 oppidani
474 1719 698 1755 tutabantur
741 1727 777 1755 et
824 1732 942 1768 opera
993 1720 1157 1756 hostium
1209 1721 1475 1768 inpediebaut‚
1519 1733 1660 1769 magna

248 1800 379 1824 eorum
412 1789 614 1825 multitudo
645 1789 762 1826 variis
795 1790 946 1825 casibus
978 1790 1182 1837 absumpta
1215 1798 1294 1832 est,
1326 1799 1374 1835 et,
1405 1791 1468 1838 qui
1502 1803 1657 1839 supere-

249 1865 357 1902 rant,
399 1857 533 1894 labore
572 1859 708 1894 diurno
750 1868 1015 1905 nocturnoque
1045 1864 1078 1893 et
1108 1859 1326 1895 volneribus
1355 1859 1506 1896 inutiles
1539 1867 1659 1897 erant.

254 1928 332 1965 Ubi
362 1928 525 1976 primum
558 1940 676 1977 agger
706 1929 894 1964 iniunctus
925 1941 1034 1964 muro
1066 1938 1143 1973 εει,
1174 1937 1209 1965 et
1240 1930 1377 1966 cohors
1407 1929 1533 1977 regia,
1565 1942 1661 1977 quos

256 2116 275 2143 3
300 2112 475 2152 illyr-isque
497 2112 502 2152 Ι
525 2112 558 2142 in
584 2112 836 2152 peneinpcsinm
865 2112 1017 2142 redducit
1034 2112 1241 2143 adcoencum
1270 2113 1515 2163 4p0tcistatcm
1571 2113 1612 2151 3,
1644 2117 1656 2144 1

255 2187 287 2212 et
316 2182 458 2220 alioqum
489 2186 687 2222 opportunae
714 2179 839 2221 (Volyo
866 2181 1093 2221 inter-pumina·
1117 2181 1181 2211 sic:
1214 2182 1444 2220 redigendum.
1509 2183 1554 2213 Et
1569 2183 1660 2230 *alio-

255 2243 313 2282 qui
342 2249 396 2273 cet.
425 2242 549 2273 Duker.
577 2248 611 2271 ct
636 2241 737 2280 quod.
791 2240 859 2272 ,Sed
884 2240 948 2272 vicl.
966 2239 1037 2282 My.
1059 2241 1240 2272 Emendtztt.
1270 2242 1300 2272 in
1318 2242 1380 2273 Cic.
1409 2242 1503 2274 libros
1529 2242 1566 2274 cle
1581 2242 1658 2284 Ieyy.

251 2317 280 2342 et
304 2310 412 2342 Acad.
439 2322 471 2351 p.
488 2310 584 2348 150.)
623 2314 641 2340 2
670 2310 843 2340 labeantes
866 2309 871 2350 Ι
894 2299 1072 2349 genteibus
1129 2309 1162 2347 4,
1196 2314 1208 2340 l
1238 2311 1427 2351 praetereuti
1477 2315 1495 2342 2
1522 2321 1661 2342 oaeneon

249 2379 290 2418 5,
320 2383 331 2410 l
363 2389 463 2410 omne
515 2383 533 2409 2
562 2388 662 2418 quam
689 2388 747 2419 spe
773 2357 1190 2409 celei-ioremuediuorem
1242 2384 1260 2410 4
1288 2386 1414 2410 metum
1464 2379 1495 2418 6,
1523 2384 1541 2410 2
1570 2389 1604 2410 00
1629 2386 1662 2411 et

254 2457 295 2479 ‘a‘
323 2448 475 2488 dispositi
526 2447 556 2484 7,
584 2451 602 2478 3
630 2434 877 2478 aeideoaeneum
928 2453 947 2478 4
982 2457 1050 2479 non
1085 2435 1115 2478 m
1140 2454 1274 2488 poterat
1328 2448 1360 2486 8,
1387 2452 1404 2479 2
1431 2449 1509 2479 hine
1537 2436 1626 2479 mose
1654 2448 1658 2488 ξ

250 2517 371 2548 auditu
445 2517 477 2554 9,
505 2519 524 2546 3
552 2516 764 2546 altitudinem
839 2515 893 2553 10,
921 2520 940 2547 3
969 2517 1168 2548 tutabuntur
1190 2517 1196 2559 Ι
1217 2518 1364 2548 hostium
1391 2506 1413 2548 ii
1445 2517 1663 2558 inpediebant

250 2594 371 2626 magne
430 2588 448 2614 4
480 2572 726 2625 absumptaerst
783 2587 800 2614 5
835 2591 1067 2625 nocturnoque
1101 2585 1292 2617 uolneribus
1315 2585 1320 2628 Ι
1342 2593 1413 2617 erat
1461 2587 1515 2627 11,
1547 2590 1559 2618 l
1589 2597 1663 2617 mu-

248 2652 304 2675 ros
330 2648 379 2674 est
