1742 2902
433 113 535 144 Liber
559 100 671 143 xtu.
722 111 780 150 (A.
812 111 890 142 chr.
922 111 1013 150 171.)
1318 117 1390 151 113

32 248 144 287 posse
183 240 289 271 ratus
328 235 377 271 ad
411 241 587 282 equestre
627 240 820 270 certamen
851 235 1062 272 Romanos.
1130 234 1205 281 Qui
1241 243 1447 284 postquam

33 306 124 344 nihil
153 306 379 349 movebant,
418 305 581 352 equitem
614 303 750 349 mittit,
788 303 851 351 qui
882 304 1028 351 pedites
1069 303 1211 340 referre
1247 305 1296 341 ad
1328 305 1448 354 Sycu-

32 376 129 414 rium
160 375 269 423 signa
301 374 464 417 iuberet3
498 374 579 421 ipse
610 386 701 410 mox
730 374 934 409 insecutus.
982 374 1148 409 Romani
1178 373 1337 420 equites,
1368 388 1450 412 mo-

34 445 118 482 dieo
147 444 350 481 intervallo
382 449 595 490 sequentes,
627 443 746 479 sicubi
778 455 934 491 sparsos
962 455 1006 478 ac
1036 443 1241 491 dissipatos
1268 445 1451 482 invadere

33 521 206 564 possent,
246 520 450 562 postquam
492 512 685 549 confertos
718 512 842 556 abire,
880 511 990 559 signa
1020 512 1145 559 adque
1185 514 1336 551 ordines
1367 527 1450 551 ser-

35 590 180 629 vantes,
210 584 399 627 viderunt,
431 588 467 618 et
497 582 570 630 ipsi
600 582 637 617 in
668 588 796 617 castra
825 581 998 618 redeunt.

144 653 252 697 Inde,
285 652 453 688 offensus
483 652 763 700 longinquitate
784 651 940 695 itineris,
970 663 1038 686 rex
1069 651 1118 687 ad
1139 651 1356 699 Mopselum
1388 665 1450 690 ca-

36 728 115 760 stra
145 723 284 766 movit;
317 730 353 758 et
383 722 561 766 Romani,
593 721 775 757 demessis
801 719 1017 757 Crannonis
1044 721 1248 768 segetibus,
1279 722 1316 757 in
1348 723 1452 759 Pha-

35 791 222 828 lannaeum
255 804 390 840 agrum
421 797 632 828 transeunt.
698 791 759 826 Ibi
799 803 882 826 cum
925 803 972 826 ex
1010 791 1211 839 transfuga
1249 800 1455 840 cognosset

36 874 127 907 rex,
171 861 251 897 sine
296 862 372 898 ullo
418 867 567 897 armato
612 860 788 908 praesidio
828 860 970 908 passim
1008 869 1195 908 vagantes
1233 875 1300 910 per
1340 875 1455 911 agros

36 930 234 967 Romanos
269 938 432 976 metere,
473 943 557 966 cum
592 932 629 964 M
656 930 866 978 equitibuS,
897 931 1047 967 duobus
1078 931 1229 967 milibus
1259 933 1456 970 Thracum

38 1006 74 1036 et
104 999 343 1037 Cretensium
376 1000 593 1049 profectuS,
642 1012 752 1046 cum,
799 1007 982 1048 quantum
1029 1000 1247 1037 adcelerare
1290 1009 1456 1050 poterat,

39 1068 160 1106 effuso
192 1071 344 1119 agmine
374 1071 491 1115 isset,
521 1070 717 1117 inproviso
750 1071 955 1117 adgressus
986 1077 1043 1106 est
1064 1071 1273 1110 Romanos.
1318 1073 1456 1110 Iuncta

39 1140 226 1185 vehicula,
258 1141 443 1189 pleraque
470 1146 619 1184 onusta,
647 1140 748 1176 mille
774 1140 982 1176 admodum
1007 1140 1221 1188 capiuntur,
1244 1141 1316 1178 DC
1337 1141 1458 1181 ferme

38 1208 224 1246 homines.
257 1210 434 1246 Praedam
461 1209 749 1246 custodiendam
769 1210 1060 1258 ducendamque
1078 1211 1115 1246 in
1133 1217 1261 1247 castra
1278 1214 1455 1250 trecentis

40 1277 278 1315 Cretensium
306 1279 422 1318 dedit.
468 1281 572 1329 Ipse,
601 1287 783 1317 revocato
812 1281 861 1316 ab
889 1279 1010 1316 effusa
1041 1281 1142 1316 caede
1174 1282 1300 1328 equite
1333 1288 1368 1318 et
1398 1296 1457 1319 re-

40 1347 154 1396 liquis
198 1350 391 1397 peditum,
437 1350 541 1386 ducit
581 1350 631 1385 ad
672 1350 889 1398 proximum
928 1350 1167 1398 praesidium,
1211 1357 1318 1387 ratus
1356 1352 1461 1389 haud

43 1430 184 1466 magno
217 1421 424 1457 certamine
456 1420 621 1469 opprimi
653 1432 798 1473 posse3
837 1421 882 1456 L.
914 1421 1124 1468 Pompeius
1157 1420 1329 1458 tribunus
1361 1423 1461 1460 mili—

43 1492 122 1523 tum
153 1498 337 1536 praeerat,
375 1491 439 1539 qui
472 1490 668 1539 perculsos
703 1491 840 1527 milites
870 1492 1067 1538 repentino
1097 1491 1264 1527 hostium
1296 1493 1464 1530 adventu

43 1556 82 1593 in
109 1559 367 1607 propinquom
399 1561 584 1597 tumulum
616 1561 771 1609 recepit,
800 1561 877 1597 loci
897 1573 938 1596 se
958 1561 1149 1608 praesidio,
1181 1561 1272 1609 quia
1302 1575 1461 1602 numero

48 1634 84 1663 et
112 1628 258 1665 viribus
295 1630 422 1678 impar
452 1635 546 1674 erat,
578 1629 816 1666 defensurus.
885 1629 947 1666 Ibi
977 1641 1061 1665 cum
1092 1630 1129 1665 in
1161 1631 1291 1668 orbem
1324 1634 1462 1671 milites

48 1698 254 1746 coegisset,
284 1706 326 1736 ut
366 1700 534 1736 densatis
569 1698 684 1735 scutis
726 1699 774 1734 ab
810 1698 886 1734 ictu
924 1700 1151 1747 sagittarum
1182 1708 1219 1736 et
1249 1701 1464 1742 iaculorum

48 1778 130 1804 sese
157 1775 364 1815 tuerentur,
381 1771 559 1815 Perseus,
584 1769 820 1805 circumdato
847 1769 1005 1804 armatis
1029 1770 1187 1815 tumulo,
1213 1772 1308 1808 alios
1333 1787 1463 1812 ascen-

49 1848 131 1874 sum
173 1839 341 1887 undique
373 1846 562 1888 temptare
592 1839 696 1874 iubet
730 1844 766 1874 et
797 1838 1008 1874 comminus
1042 1840 1216 1887 proelium
1249 1855 1465 1891 conserere,

14 1934 17 1938 -
51 1907 147 1945 alios
181 1908 327 1944 eminus
368 1909 444 1944 tela
481 1909 667 1957 ingerere.
728 1909 871 1957 Ingens
907 1910 1106 1945 Romanos
1148 1916 1271 1948 terror
1304 1914 1465 1953 circum-

51 1979 198 2022 stabat;
244 1990 333 2014 nam
377 1990 500 2025 neque
540 1978 701 2014 conferti
742 1979 955 2026 propellere
986 1991 1072 2025 eos,
1116 1980 1247 2027 quiin
1278 1985 1464 2022 tumulum

51 2048 355 2093 connitebantur,
385 2054 565 2096 poterant
595 2055 643 2093 et,
679 2049 743 2085 ubi
774 2049 925 2085 ordines
954 2051 1220 2097 procursando
1250 2052 1467 2101 solvissent,

53 2167 71 2194 2
92 2173 250 2194 romanos
269 2168 428 2203 quattuor
445 2168 625 2203 postquam
673 2166 691 2192 3
713 2164 842 2203 equites
862 2160 863 2169 ¹
880 2163 1036 2202 sycirium
1077 2168 1095 2194 4
1115 2164 1258 2196 insecuti
1305 2167 1415 2207 LXV,
1435 2170 1467 2210 1,

56 2223 70 2251 1
98 2220 210 2251 itineri
268 2225 286 2251 2
314 2221 498 2260 grannonis
520 2220 524 2259 Ι
547 2220 751 2261 palanneum
801 2220 833 2257 2,
861 2224 878 2250 2
908 2221 1064 2260 uagantis
1114 2225 1133 2252 3
1161 2232 1237 2253 cum
1263 2226 1433 2264 equitibus
1457 2227 1463 2269 Ι

53 2281 184 2308 tracum
232 2281 249 2315 5
277 2278 385 2308 issent
405 2277 592 2318 Doerz'nyius
640 2278 671 2315 3,
696 2282 714 2308 2
737 2278 897 2318 pleraque
916 2278 1059 2308 honesta
1081 2277 1086 2318 Ι
1109 2281 1286 2320 capiuntur
1307 2293 1347 2314 ac
1364 2284 1470 2316 ferme

55 2333 87 2371 5,
113 2338 132 2365 2
161 2340 218 2365 aut
245 2345 370 2375 magno
410 2339 556 2376 3posset
606 2336 637 2373 6,
665 2339 684 2366 3
711 2336 936 2376 propinquam
995 2340 1014 2366 4
1042 2337 1172 2368 uiribus
1197 2339 1341 2380 imperat
1390 2342 1421 2380 7,
1451 2346 1470 2374 2

55 2392 177 2423 secutis
195 2392 348 2423 abiectus
374 2394 573 2432 sagittarum
597 2393 687 2424 hals.
705 2392 822 2434 (Gryn.
839 2394 942 2424 scutis
958 2394 1000 2424 ab
1018 2394 1124 2435 iactu)
1166 2399 1184 2426 3
1208 2397 1276 2428 alio
1316 2402 1332 2429 5
1358 2405 1387 2430 et
1398 2400 1430 2438 8,
1454 2405 1467 2432 l

57 2452 141 2483 alios
179 2453 327 2484 seminus
349 2453 354 2492 Ι
376 2452 530 2491 ingerere
561 2451 682 2491 religes
714 2450 846 2492 Kreyss,
875 2450 991 2492 (Gryn.
1021 2452 1184 2492 ingerere.
1211 2455 1367 2497 Anceps)
1389 2459 1394 2497 1
1417 2469 1472 2490 ro-

57 2518 175 2540 manus
237 2514 256 2540 2
285 2508 427 2540 conferti
456 2514 593 2550 propter
626 2518 684 2539 eos
710 2508 782 2550 My.
811 2508 883 2539 Em.
911 2508 981 2540 54&
1006 2508 1122 2552 (Gryn.
1151 2510 1295 2543 conferti
1320 2524 1473 2555 pugnare

57 2572 192 2607 propter
217 2567 289 2607 eos)
312 2565 315 2608 Ι
344 2567 378 2598 in
404 2567 570 2597 tumulum
597 2567 807 2597 conabantur
830 2565 939 2599 Weiss.
973 2566 1092 2609 (Gryn.
1119 2571 1302 2602 ascendere
1327 2572 1361 2602 in
1389 2579 1471 2607 tum.

59 2625 285 2665 conabantur)

94 2690 191 2716 Livius
207 2699 243 2717 ex
259 2699 312 2719 rec.
330 2693 475 2724 Madvigii.
513 2693 575 2718 VII.
1188 2688 1207 2716 8

1487 377 1532 412 10

1512 649 1564 694 65
