1753 2934
457 138 558 169 Liber
582 136 706 168 XLIV.
764 138 824 173 (A.
855 137 931 169 Chr.
965 139 1056 175 168.)
1323 138 1393 173 201

64 261 227 299 Albinus
266 261 473 297 consularis
517 261 652 298 ducere
696 262 878 298 adversus
938 260 1189 308 leucaspidem
1228 259 1455 308 phalangem

64 332 204 375 iussus;
235 345 279 368 ea
310 331 432 368 media
461 332 560 367 acics
589 332 752 367 hostium
784 330 864 368 fuit.
915 332 958 368 ln
990 332 1163 368 dextrum
1195 343 1323 373 cornu,
1356 330 1456 366 unde

64 402 164 439 circa
193 402 345 438 fluvium
379 401 618 437 commissum
652 401 822 450 proelium
854 408 953 445 crat,
997 401 1216 449 elephantos
1251 400 1393 438 inducit
1422 406 1458 437 et

65 472 146 508 alas
185 472 393 514 sociorum3
439 477 475 507 et
513 472 598 508 hinc
640 471 801 520 primum
843 471 934 520 fuga
973 472 1226 508 Macedonum
1267 477 1323 507 est
1360 478 1456 509 orta.

63 542 164 578 Nam
195 541 290 578 sicut
319 541 500 589 pleraque
529 553 629 577 nova
669 549 882 578 commenta
911 542 1126 578 mortalium
1158 541 1194 576 in
1225 541 1349 577 verbis
1380 541 1454 577 vim

62 612 215 653 habent,
245 611 485 660 experiendo,
509 624 591 648 cum
619 612 692 660 agi,
719 625 805 656 non,
837 612 1156 661 quemadmodum
1182 618 1330 660 agatur,
1360 611 1456 647 edis-

62 682 135 718 seri
168 688 329 730 oportet,
359 682 438 718 sinc
469 682 542 718 ullo
574 680 708 718 effectu
739 689 980 725 evanescunt,
1010 683 1063 719 ita
1092 689 1169 718 tum
1201 681 1390 730 elephanti
1420 680 1457 716 in

63 753 143 789 acie
173 765 310 788 nomen
340 757 483 788 tantum
515 752 594 788 sinc
625 764 690 788 usu
721 751 882 788 fuerunt.
945 753 1244 801 Elephantorum
1277 751 1457 799 impetum

39 822 253 859 ‘subsecuti
283 829 371 859 sunt
399 822 491 859 socii
512 822 672 859 nominis
694 823 818 859 Latini
845 823 1143 872 pepuleruntque
1167 822 1301 859 laevom
1326 833 1455 858 cornu.

62 891 107 929 In
138 893 261 929 medio
291 893 457 929 secunda
493 892 591 941 legio
628 893 783 929 inmissa
815 893 1012 942 dissipavit
1042 892 1291 942 phalangem;
1334 904 1457 939 neque

60 962 138 999 ulla
167 963 377 1000 evidentior
412 975 528 1000 causa
564 962 731 998 victoriae
767 962 856 1008 fuit,
888 975 1001 1011 quam
1034 963 1135 1010 quod
1166 963 1285 999 multa
1315 962 1458 1011 passim

60 1032 194 1081 proelia
225 1039 344 1078 erant,
377 1046 459 1082 quae
488 1034 730 1070 fluctuantem
761 1033 961 1069 turbarunt
982 1032 1118 1081 primo,
1149 1032 1284 1068 deinde
1303 1032 1458 1068 disiece-

59 1108 147 1139 runt
179 1103 421 1152 phalangem,
452 1103 556 1140 cuius
586 1102 763 1140 confertae
793 1109 829 1138 ct
858 1102 1009 1138 intentis
1035 1102 1223 1138 horrentis
1253 1101 1371 1138 hastis
1402 1102 1458 1138 in-

60 1173 278 1210 tolerabiles
317 1173 416 1209 vires
460 1181 566 1218 sunt;
623 1173 654 1209 si
694 1172 852 1221 carptim
900 1172 1156 1221 adgrediendo
1201 1172 1458 1220 circumagere

60 1242 278 1280 inmobilem
308 1242 542 1291 longitudine
571 1249 607 1279 et
628 1243 818 1292 gravitate
838 1243 987 1279 hastam
1020 1255 1148 1291 cogas,
1181 1241 1340 1278 confusa
1360 1249 1462 1279 strue

61 1313 309 1361 inplicantur;
346 1314 377 1350 si
413 1326 505 1349 vero
537 1320 602 1359 aut
632 1314 679 1349 ab
710 1313 828 1349 latere
858 1320 922 1349 aut
953 1314 1000 1349 ab
1031 1319 1138 1361 tergo
1161 1312 1303 1360 aliquid
1324 1312 1462 1348 tumul—

62 1389 121 1418 tus
160 1383 364 1431 increpuit,
414 1384 530 1419 ruinae
572 1384 685 1419 modo
729 1384 941 1419 turbantur.
1012 1382 1117 1420 Sicut
1156 1389 1234 1418 tum
1280 1382 1461 1419 adversus

62 1452 282 1488 catervatim
313 1454 544 1490 incurrentes
576 1455 770 1490 Romanos
799 1460 835 1489 et
865 1453 1076 1501 interrupta
1106 1453 1349 1489 multifariam
1382 1452 1463 1489 acie

62 1522 213 1558 obviam
247 1523 301 1559 ire
332 1524 578 1572 cogebantur.
611 1530 647 1560 et
662 1523 838 1568 Romani,
873 1535 1111 1570 quacumque
1142 1522 1233 1559 data
1262 1523 1463 1559 intervalla

61 1599 197 1635 essent,
213 1593 454 1629 insinuabant
471 1593 619 1630 ordines
636 1605 737 1630 suos.
797 1592 871 1640 Qui
891 1593 922 1629 si
942 1578 1119 1629 universa
1140 1593 1221 1629 acie
1242 1593 1278 1629 in
1298 1592 1459 1630 fr0ntem

61 1662 245 1698 adversus
283 1663 503 1699 instructam
547 1663 774 1712 phalangem
819 1662 1115 1708 concurrissent,
1147 1664 1250 1711 quod
1279 1663 1461 1712 Pelignis,

61 1731 246 1781 principio
284 1745 418 1781 pugnae
455 1733 604 1770 incaute
641 1733 852 1781 congressis
893 1733 1076 1769 adversus
1123 1740 1287 1770 cetratos
1327 1734 1462 1778 evenit,

61 1801 268 1839 induissent
300 1814 340 1839 se
369 1804 488 1840 hastis
518 1816 587 1840 nec
620 1802 828 1840 confertam
863 1804 982 1840 aciem
1010 1804 1284 1840 sustinuissent.

172 1871 348 1909 Ceterum
389 1874 483 1909 sicut
525 1873 691 1922 peditum
731 1873 874 1922 passim
915 1874 1035 1910 caedes
1080 1875 1240 1918 fiebant,
1286 1874 1357 1911 nisi
1397 1874 1461 1922 qui

62 2058 81 2086 3
98 2065 188 2086 conS.
215 2055 247 2095 3,
263 2059 275 2086 1
292 2065 428 2086 cornum
455 2059 472 2086 2
489 2055 660 2095 elepantos
675 2054 786 2085 induci
801 2061 833 2086 et
844 2055 927 2087 alias
940 2055 1197 2098 Ix'1·eys.5.(Gryn.
1210 2055 1402 2096 elephantes
1413 2056 1461 2086 in-

61 2113 193 2144 ductict
203 2113 274 2153 ala)
299 2112 441 2153 sfugam
471 2111 503 2150 4,
520 2116 532 2143 1
551 2118 729 2143 conmenta
763 2117 779 2143 2
795 2113 961 2153 expiendo
979 2113 1137 2145 Turnebus
1150 2113 1266 2155 (Gryn.
1279 2113 1460 2154 explendo)

64 2167 68 2209 Ι
93 2176 235 2211 agantur
256 2169 364 2212 Siyon.
418 2175 436 2202 3
461 2171 616 2211 elepanto
637 2180 729 2202 mace
748 2180 871 2202 nomen
891 2172 959 2203 sine
980 2177 1072 2203 tanto
1090 2182 1153 2203 usu
1169 2171 1265 2203 Hanc
1279 2172 1459 2203 sententiam

61 2239 129 2259 cum
155 2229 334 2260 narratione
356 2240 469 2270 parum
491 2228 642 2259 colzoercre
671 2227 832 2260 Crevcrius
858 2230 958 2261 sensit.
1003 2229 1152 2261 Fortasse
1171 2229 1320 2272 Polybius
1346 2241 1446 2261 narra

62 2292 158 2323 verat,
185 2285 371 2328 elephantos,
390 2287 447 2318 etsi
462 2297 571 2328 reapse
593 2286 670 2318 nihil
692 2287 859 2327 effecerint,
886 2293 986 2319 tamen
1011 2294 1125 2319 terrore
1152 2288 1259 2319 iniecto
1285 2287 1462 2319 debilitasse

62 2353 274 2387 Macedonas.
307 2360 327 2387 4
343 2355 439 2399 Gryn.
456 2356 590 2388 fuerant.
622 2356 653 2394 5,
669 2360 686 2387 2
701 2357 799 2388 sociis
815 2357 818 2398 J
833 2357 947 2388 leuom
978 2356 1009 2395 6,
1028 2361 1041 2388 l
1054 2357 1142 2397 legio
1156 2358 1305 2389 inmassa
1331 2362 1348 2389 2
1364 2347 1459 2399 fuit't:

62 2433 194 2465 passum
253 2429 272 2456 3
299 2426 471 2457 turbarent
532 2430 552 2457 4
578 2426 778 2467 phalangem
806 2436 882 2457 cum
907 2426 958 2457 ius
985 2425 1143 2458 consertae
1166 2428 1170 2466 Ι
1192 2427 1365 2459 horrendis
1430 2427 1461 2466 7,

66 2484 79 2512 l
108 2483 352 2523 adgrediendos
402 2488 421 2515 2
447 2484 694 2524 longitudinem
721 2493 738 2515 e
765 2484 947 2524 grauidatae
970 2485 975 2525 Ι
996 2491 1068 2516 true
1117 2488 1136 2516 3
1163 2486 1265 2526 aliqui
1314 2490 1334 2516 4
1359 2486 1460 2517 modo

28 2553 30 2555 ·
61 2538 384 2579 ευτὀαωζῑιιὼειυῑιιι·
435 2542 468 2579 8,
496 2546 513 2572 2
540 2542 748 2573 incurrentes
772 2553 871 2582 supra
896 2552 916 2573 o
939 2543 1054 2584 scripto
1079 2553 1096 2574 e
1156 2547 1174 2574 3
1202 2544 1334 2575 obuiam
1366 2545 1400 2574 in
1426 2553 1461 2575 re

62 2600 83 2627 4
108 2598 223 2629 ordine
253 2609 313 2630 suo
384 2600 421 2638 9,
449 2603 466 2631 2
494 2601 739 2632 concurrissent
763 2610 784 2650 p
811 2601 899 2641 quod
972 2605 991 2632 3
1026 2601 1168 2632 incautae
1253 2605 1271 2632 4
1297 2601 1402 2633 hastis
1428 2602 1460 2632 in

62 2666 247 2698 confertam

1491 1171 1508 1205 xl

1495 1380 1515 1416 8

1495 1593 1515 1628 9
