<?xml version="1.0" encoding="UTF-8"?>
<!DOCTYPE html PUBLIC "-//W3C//DTD XHTML 1.0 Transitional//EN"
    "http://www.w3.org/TR/xhtml1/DTD/xhtml1-transitional.dtd">
<html xmlns="http://www.w3.org/1999/xhtml" xml:lang="en" lang="en">
 <head>
  <title>
</title>
<meta http-equiv="Content-Type" content="text/html;charset=utf-8" />
  <meta name='ocr-system' content='tesseract 3.04.00' />
  <meta name='ocr-capabilities' content='ocr_page ocr_carea ocr_par ocr_line ocrx_word'/>
</head>
<body>
  <div class='ocr_page' id='page_1' title='image "./p1historiarumrom04livyuoft_0057.png"; bbox 0 0 1742 2902; ppageno 0'>
   <div class='ocr_carea' id='block_1_1' title="bbox 446 123 1380 164">
    <p class='ocr_par' dir='ltr' id='par_1_1' title="bbox 446 123 1380 164">
     <span class='ocr_line' id='line_1_1' title="bbox 446 123 1380 164; baseline 0.007 -9"><span class='ocrx_word' id='word_1_1' title='bbox 446 123 549 156; x_wconf 81' lang='lat' dir='ltr'>Liber</span> <span class='ocrx_word' id='word_1_2' title='bbox 572 123 666 154; x_wconf 88' lang='lat' dir='ltr'>XLI.</span> <span class='ocrx_word' id='word_1_3' title='bbox 716 124 776 164; x_wconf 84' lang='lat' dir='ltr'>(A.</span> <span class='ocrx_word' id='word_1_4' title='bbox 808 125 884 155; x_wconf 84' lang='lat' dir='ltr'>Chr.</span> <span class='ocrx_word' id='word_1_5' title='bbox 916 124 1007 164; x_wconf 75' lang='lat'>174.)</span> <span class='ocrx_word' id='word_1_6' title='bbox 1333 126 1380 162; x_wconf 82' lang='lat'>27</span> 
     </span>
    </p>
   </div>
   <div class='ocr_carea' id='block_1_2' title="bbox 25 231 1442 1128">
    <p class='ocr_par' dir='ltr' id='par_1_2' title="bbox 28 231 1440 503">
     <span class='ocr_line' id='line_1_2' title="bbox 28 231 1439 294; baseline -0.002 -10"><span class='ocrx_word' id='word_1_7' title='bbox 28 253 128 291; x_wconf 72' lang='lat' dir='ltr'>eent;</span> <span class='ocrx_word' id='word_1_8' title='bbox 167 259 235 282; x_wconf 88' lang='lat' dir='ltr'>nec</span> <span class='ocrx_word' id='word_1_9' title='bbox 273 245 370 282; x_wconf 87' lang='lat' dir='ltr'>enim</span> <span class='ocrx_word' id='word_1_10' title='bbox 402 253 479 282; x_wconf 84' lang='lat' dir='ltr'>tam</span> <span class='ocrx_word' id='word_1_11' title='bbox 511 253 661 283; x_wconf 82' lang='lat' dir='ltr'>atroces</span> <span class='ocrx_word' id='word_1_12' title='bbox 692 231 809 284; x_wconf 40' lang='lat' dir='ltr'>fuisse</span> <span class='ocrx_word' id='word_1_13' title='bbox 841 260 925 291; x_wconf 77' lang='lat' dir='ltr'>eas,</span> <span class='ocrx_word' id='word_1_14' title='bbox 964 255 1003 283; x_wconf 85' lang='lat' dir='ltr'>ut.</span> <span class='ocrx_word' id='word_1_15' title='bbox 1032 259 1107 282; x_wconf 92' lang='lat' dir='ltr'>non</span> <span class='ocrx_word' id='word_1_16' title='bbox 1138 258 1222 282; x_wconf 87' lang='lat' dir='ltr'>cum</span> <span class='ocrx_word' id='word_1_17' title='bbox 1254 246 1338 293; x_wconf 88' lang='lat' dir='ltr'>ipso</span> <span class='ocrx_word' id='word_1_18' title='bbox 1370 258 1439 294; x_wconf 91' lang='lat' dir='ltr'>po-</span> 
     </span>
     <span class='ocr_line' id='line_1_3' title="bbox 30 316 1440 364; baseline -0.002 -10"><span class='ocrx_word' id='word_1_19' title='bbox 30 316 167 354; x_wconf 82' lang='lat' dir='ltr'>tuerint</span> <span class='ocrx_word' id='word_1_20' title='bbox 199 328 243 352; x_wconf 82' lang='lat' dir='ltr'>ac</span> <span class='ocrx_word' id='word_1_21' title='bbox 274 316 471 351; x_wconf 75' lang='lat' dir='ltr'>debuerint</span> <span class='ocrx_word' id='word_1_22' title='bbox 501 317 611 352; x_wconf 88' lang='lat' dir='ltr'>finiri.</span> <span class='ocrx_word' id='word_1_23' title='bbox 670 316 806 353; x_wconf 81' lang='lat' dir='ltr'>Secum</span> <span class='ocrx_word' id='word_1_24' title='bbox 840 317 991 364; x_wconf 87' lang='lat' dir='ltr'>quidem</span> <span class='ocrx_word' id='word_1_25' title='bbox 1028 317 1156 353; x_wconf 82' lang='lat' dir='ltr'>onmia</span> <span class='ocrx_word' id='word_1_26' title='bbox 1188 316 1260 352; x_wconf 88' lang='lat' dir='ltr'>illis</span> <span class='ocrx_word' id='word_1_27' title='bbox 1291 316 1440 363; x_wconf 86' lang='lat' dir='ltr'>integra</span> 
     </span>
     <span class='ocr_line' id='line_1_4' title="bbox 30 385 1438 422; baseline -0.001 0"><span class='ocrx_word' id='word_1_28' title='bbox 30 398 112 422; x_wconf 84' lang='lat' dir='ltr'>esse</span> <span class='ocrx_word' id='word_1_29' title='bbox 155 386 207 421; x_wconf 85' lang='lat' dir='ltr'>ad</span> <span class='ocrx_word' id='word_1_30' title='bbox 249 386 518 421; x_wconf 69' lang='lat' dir='ltr'>instituendam</span> <span class='ocrx_word' id='word_1_31' title='bbox 565 386 724 422; x_wconf 80' lang='lat' dir='ltr'>fideliter</span> <span class='ocrx_word' id='word_1_32' title='bbox 772 387 991 422; x_wconf 75' lang='lat' dir='ltr'>amicitiam.</span> <span class='ocrx_word' id='word_1_33' title='bbox 1071 386 1166 422; x_wconf 80' lang='lat' dir='ltr'>Cum</span> <span class='ocrx_word' id='word_1_34' title='bbox 1207 385 1438 422; x_wconf 84' lang='lat' dir='ltr'>Achaeorum</span> 
     </span>
     <span class='ocr_line' id='line_1_5' title="bbox 30 455 1194 503; baseline -0.001 -12"><span class='ocrx_word' id='word_1_35' title='bbox 30 455 195 492; x_wconf 78' lang='lat' dir='ltr'><strong>maxime</strong></span> <span class='ocrx_word' id='word_1_36' title='bbox 225 463 337 503; x_wconf 87' lang='lat' dir='ltr'>gente</span> <span class='ocrx_word' id='word_1_37' title='bbox 366 456 658 491; x_wconf 74' lang='lat' dir='ltr'>reconciliandae</span> <span class='ocrx_word' id='word_1_38' title='bbox 689 456 822 503; x_wconf 79' lang='lat' dir='ltr'>gratiae</span> <span class='ocrx_word' id='word_1_39' title='bbox 853 457 953 491; x_wconf 79' lang='lat' dir='ltr'>viam</span> <span class='ocrx_word' id='word_1_40' title='bbox 988 457 1194 503; x_wconf 73' lang='lat' dir='ltr'>quaerebat.</span> 
     </span>
    </p>

    <p class='ocr_par' dir='ltr' id='par_1_3' title="bbox 25 523 1442 1128">
     <span class='ocr_line' id='line_1_6' title="bbox 153 523 1437 573; baseline -0.002 -13"><span class='ocrx_word' id='word_1_41' title='bbox 153 525 247 560; x_wconf 88' lang='lat' dir='ltr'>Haec</span> <span class='ocrx_word' id='word_1_42' title='bbox 299 537 376 560; x_wconf 84' lang='lat' dir='ltr'>una</span> <span class='ocrx_word' id='word_1_43' title='bbox 429 537 477 560; x_wconf 87' lang='lat' dir='ltr'>ex</span> <span class='ocrx_word' id='word_1_44' title='bbox 536 525 639 561; x_wconf 90' lang='lat' dir='ltr'>omni</span> <span class='ocrx_word' id='word_1_45' title='bbox 695 526 848 562; x_wconf 64' lang='lat' dir='ltr'>(jraecia</span> <span class='ocrx_word' id='word_1_46' title='bbox 898 537 992 573; x_wconf 87' lang='lat' dir='ltr'>gens</span> <span class='ocrx_word' id='word_1_47' title='bbox 1055 532 1091 560; x_wconf 90' lang='lat' dir='ltr'>et-</span> <span class='ocrx_word' id='word_1_48' title='bbox 1146 523 1437 559; x_wconf 73' lang='lat' dir='ltr'><strong>Atheniensium</strong></span> 
     </span>
     <span class='ocr_line' id='line_1_7' title="bbox 29 593 1440 642; baseline -0.001 -12"><span class='ocrx_word' id='word_1_49' title='bbox 29 593 161 630; x_wconf 82' lang='lat' dir='ltr'>civitas</span> <span class='ocrx_word' id='word_1_50' title='bbox 197 606 242 629; x_wconf 86' lang='lat' dir='ltr'>eo</span> <span class='ocrx_word' id='word_1_51' title='bbox 273 601 514 642; x_wconf 80' lang='lat' dir='ltr'>processerat</span> <span class='ocrx_word' id='word_1_52' title='bbox 543 594 709 638; x_wconf 78' lang='lat' dir='ltr'>irarum,</span> <span class='ocrx_word' id='word_1_53' title='bbox 743 603 781 629; x_wconf 90' lang='lat' dir='ltr'>ut</span> <span class='ocrx_word' id='word_1_54' title='bbox 812 596 948 631; x_wconf 85' lang='lat' dir='ltr'>finibus</span> <span class='ocrx_word' id='word_1_55' title='bbox 986 594 1227 630; x_wconf 78' lang='lat' dir='ltr'>interdiceret</span> <span class='ocrx_word' id='word_1_56' title='bbox 1255 593 1440 629; x_wconf 84' lang='lat' dir='ltr'>Macedo-</span> 
     </span>
     <span class='ocr_line' id='line_1_8' title="bbox 27 662 1439 713; baseline -0.001 -15"><span class='ocrx_word' id='word_1_57' title='bbox 27 662 150 700; x_wconf 81' lang='lat' dir='ltr'>nibus,</span> <span class='ocrx_word' id='word_1_58' title='bbox 216 664 354 711; x_wconf 80' lang='lat' dir='ltr'>ltaque</span> <span class='ocrx_word' id='word_1_59' title='bbox 390 664 554 699; x_wconf 85' lang='lat' dir='ltr'>servitiis</span> <span class='ocrx_word' id='word_1_60' title='bbox 602 677 650 699; x_wconf 84' lang='lat' dir='ltr'>ex</span> <span class='ocrx_word' id='word_1_61' title='bbox 686 665 839 700; x_wconf 68' lang='lat' dir='ltr'>Achaia</span> <span class='ocrx_word' id='word_1_62' title='bbox 882 665 1115 713; x_wconf 79' lang='lat' dir='ltr'>fugientibus</span> <span class='ocrx_word' id='word_1_63' title='bbox 1157 662 1439 710; x_wconf 78' lang='lat' dir='ltr'>receptaculum</span> 
     </span>
     <span class='ocr_line' id='line_1_9' title="bbox 28 733 1439 781; baseline -0.001 -13"><span class='ocrx_word' id='word_1_64' title='bbox 28 733 257 769; x_wconf 81' lang='lat' dir='ltr'>Macedonia</span> <span class='ocrx_word' id='word_1_65' title='bbox 284 740 386 776; x_wconf 74' lang='lat' dir='ltr'>crat,</span> <span class='ocrx_word' id='word_1_66' title='bbox 429 734 538 781; x_wconf 67' lang='lat' dir='ltr'>quia,</span> <span class='ocrx_word' id='word_1_67' title='bbox 580 746 663 769; x_wconf 87' lang='lat' dir='ltr'>cum</span> <span class='ocrx_word' id='word_1_68' title='bbox 703 735 841 770; x_wconf 86' lang='lat' dir='ltr'>finibus</span> <span class='ocrx_word' id='word_1_69' title='bbox 871 735 949 770; x_wconf 87' lang='lat' dir='ltr'>suis</span> <span class='ocrx_word' id='word_1_70' title='bbox 979 736 1023 769; x_wconf 77' lang='lat' dir='ltr'>iis</span> <span class='ocrx_word' id='word_1_71' title='bbox 1055 733 1351 774; x_wconf 73' lang='lat' dir='ltr'>interdixissent,</span> <span class='ocrx_word' id='word_1_72' title='bbox 1382 733 1439 767; x_wconf 90' lang='lat' dir='ltr'>in-</span> 
     </span>
     <span class='ocr_line' id='line_1_10' title="bbox 27 803 1440 851; baseline 0 -14"><span class='ocrx_word' id='word_1_73' title='bbox 27 807 129 837; x_wconf 85' lang='lat' dir='ltr'>trare</span> <span class='ocrx_word' id='word_1_74' title='bbox 171 803 278 850; x_wconf 81' lang='lat' dir='ltr'>regni</span> <span class='ocrx_word' id='word_1_75' title='bbox 325 803 508 838; x_wconf 79' lang='lat' dir='ltr'>terminos</span> <span class='ocrx_word' id='word_1_76' title='bbox 552 803 625 851; x_wconf 78' lang='lat' dir='ltr'>ipsi</span> <span class='ocrx_word' id='word_1_77' title='bbox 669 816 745 838; x_wconf 90' lang='lat' dir='ltr'>non</span> <span class='ocrx_word' id='word_1_78' title='bbox 791 805 995 840; x_wconf 75' lang='lat' dir='ltr'>audebant.</span> <span class='ocrx_word' id='word_1_79' title='bbox 1063 803 1106 838; x_wconf 92' lang='lat' dir='ltr'>Id</span> <span class='ocrx_word' id='word_1_80' title='bbox 1147 814 1230 837; x_wconf 85' lang='lat' dir='ltr'>cum</span> <span class='ocrx_word' id='word_1_81' title='bbox 1274 803 1440 838; x_wconf 81' lang='lat' dir='ltr'>Perseus</span> 
     </span>
     <span class='ocr_line' id='line_1_11' title="bbox 28 871 1439 920; baseline 0.001 -15"><span class='ocrx_word' id='word_1_82' title='bbox 28 871 380 916; x_wconf 75' lang='lat' dir='ltr'>animadvertisset,</span> <span class='ocrx_word' id='word_1_83' title='bbox 419 872 638 920; x_wconf 78' lang='lat' dir='ltr'>conprensis</span> <span class='ocrx_word' id='word_1_84' title='bbox 670 874 866 916; x_wconf 78' lang='lat' dir='ltr'>omnibus,</span> <span class='ocrx_word' id='word_1_85' title='bbox 908 872 1041 907; x_wconf 85' lang='lat' dir='ltr'>litterae</span> <span class='ocrx_word' id='word_1_86' title='bbox 1071 873 1183 906; x_wconf 65' lang='lat'>***.</span> <span class='ocrx_word' id='word_1_87' title='bbox 1247 871 1439 917; x_wconf 77' lang='lat' dir='ltr'>Ceterum,</span> 
     </span>
     <span class='ocr_line' id='line_1_12' title="bbox 26 940 1438 989; baseline 0.001 -15"><span class='ocrx_word' id='word_1_88' title='bbox 26 951 74 975; x_wconf 88' lang='lat' dir='ltr'>ne</span> <span class='ocrx_word' id='word_1_89' title='bbox 102 940 236 976; x_wconf 81' lang='lat' dir='ltr'>similis</span> <span class='ocrx_word' id='word_1_90' title='bbox 265 941 576 989; x_wconf 53' lang='lat' dir='ltr'>fugassservorum</span> <span class='ocrx_word' id='word_1_91' title='bbox 599 944 874 989; x_wconf 77' lang='lat' dir='ltr'>postcafie1·et·‚</span> <span class='ocrx_word' id='word_1_92' title='bbox 905 942 1149 988; x_wconf 83' lang='lat' dir='ltr'>cogitandum</span> <span class='ocrx_word' id='word_1_93' title='bbox 1183 946 1219 976; x_wconf 83' lang='lat' dir='ltr'>et</span> <span class='ocrx_word' id='word_1_94' title='bbox 1248 941 1321 975; x_wconf 82' lang='lat' dir='ltr'>illis</span> <span class='ocrx_word' id='word_1_95' title='bbox 1343 953 1438 976; x_wconf 82' lang='lat' dir='ltr'>esse.</span> 
     </span>
     <span class='ocr_line' id='line_1_13' title="bbox 26 1009 1442 1060; baseline 0.001 -16"><span class='ocrx_word' id='word_1_96' title='bbox 26 1009 210 1045; x_wconf 75' lang='lat' dir='ltr'>Recitatis</span> <span class='ocrx_word' id='word_1_97' title='bbox 247 1011 305 1046; x_wconf 89' lang='lat' dir='ltr'>his</span> <span class='ocrx_word' id='word_1_98' title='bbox 343 1011 478 1047; x_wconf 77' lang='lat' dir='ltr'>litteris</span> <span class='ocrx_word' id='word_1_99' title='bbox 517 1025 584 1060; x_wconf 87' lang='lat' dir='ltr'>per</span> <span class='ocrx_word' id='word_1_100' title='bbox 625 1012 872 1048; x_wconf 57' lang='lat' dir='ltr'>Xenarchum</span> <span class='ocrx_word' id='word_1_101' title='bbox 913 1021 1139 1059; x_wconf 65' lang='lat' dir='ltr'>praetorem,</span> <span class='ocrx_word' id='word_1_102' title='bbox 1179 1011 1242 1057; x_wconf 90' lang='lat' dir='ltr'>qui</span> <span class='ocrx_word' id='word_1_103' title='bbox 1280 1011 1442 1058; x_wconf 82' lang='lat' dir='ltr'>privatae</span> 
     </span>
     <span class='ocr_line' id='line_1_14' title="bbox 25 1079 1440 1128; baseline 0.001 -14"><span class='ocrx_word' id='word_1_104' title='bbox 25 1079 157 1127; x_wconf 83' lang='lat' dir='ltr'>gratiae</span> <span class='ocrx_word' id='word_1_105' title='bbox 188 1080 330 1116; x_wconf 82' lang='lat' dir='ltr'>aditum</span> <span class='ocrx_word' id='word_1_106' title='bbox 364 1089 456 1128; x_wconf 82' lang='lat' dir='ltr'>aput</span> <span class='ocrx_word' id='word_1_107' title='bbox 486 1093 612 1128; x_wconf 75' lang='lat' dir='ltr'>regem</span> <span class='ocrx_word' id='word_1_108' title='bbox 646 1082 852 1128; x_wconf 60' lang='lat' dir='ltr'>quaerebat,</span> <span class='ocrx_word' id='word_1_109' title='bbox 887 1090 923 1116; x_wconf 89' lang='lat' dir='ltr'>et</span> <span class='ocrx_word' id='word_1_110' title='bbox 956 1081 1146 1128; x_wconf 81' lang='lat' dir='ltr'>plerisque</span> <span class='ocrx_word' id='word_1_111' title='bbox 1177 1082 1373 1116; x_wconf 75' lang='lat' dir='ltr'>moderate</span> <span class='ocrx_word' id='word_1_112' title='bbox 1404 1088 1440 1116; x_wconf 91' lang='lat' dir='ltr'>et</span> 
     </span>
    </p>
   </div>
   <div class='ocr_carea' id='block_1_3' title="bbox 26 1149 1440 1198">
    <p class='ocr_par' dir='ltr' id='par_1_4' title="bbox 26 1149 1440 1198">
     <span class='ocr_line' id='line_1_15' title="bbox 26 1149 1440 1198; baseline 0.002 -14"><span class='ocrx_word' id='word_1_113' title='bbox 26 1149 186 1197; x_wconf 79' lang='lat' dir='ltr'>benigne</span> <span class='ocrx_word' id='word_1_114' title='bbox 218 1151 381 1198; x_wconf 85' lang='lat' dir='ltr'>scriptas</span> <span class='ocrx_word' id='word_1_115' title='bbox 412 1163 495 1186; x_wconf 82' lang='lat' dir='ltr'>esse</span> <span class='ocrx_word' id='word_1_116' title='bbox 535 1152 776 1186; x_wconf 75' lang='lat' dir='ltr'>censentibus</span> <span class='ocrx_word' id='word_1_117' title='bbox 806 1151 974 1194; x_wconf 77' lang='lat' dir='ltr'>litteras,</span> <span class='ocrx_word' id='word_1_118' title='bbox 1016 1151 1142 1197; x_wconf 79' lang='lat' dir='ltr'>adque</span> <span class='ocrx_word' id='word_1_119' title='bbox 1171 1152 1216 1187; x_wconf 87' lang='lat' dir='ltr'>iis</span> <span class='ocrx_word' id='word_1_120' title='bbox 1247 1164 1440 1194; x_wconf 80' lang='lat' dir='ltr'>maxume,</span> 
     </span>
    </p>
   </div>
   <div class='ocr_carea' id='block_1_4' title="bbox 26 1219 1487 1268">
    <p class='ocr_par' dir='ltr' id='par_1_5' title="bbox 26 1219 1487 1268">
     <span class='ocr_line' id='line_1_16' title="bbox 26 1219 1487 1268; baseline 0.002 -14"><span class='ocrx_word' id='word_1_121' title='bbox 26 1219 89 1266; x_wconf 90' lang='lat' dir='ltr'>qui</span> <span class='ocrx_word' id='word_1_122' title='bbox 119 1228 256 1267; x_wconf 58' lang='lat' dir='ltr'>praeter</span> <span class='ocrx_word' id='word_1_123' title='bbox 285 1233 390 1268; x_wconf 86' lang='lat' dir='ltr'>spem</span> <span class='ocrx_word' id='word_1_124' title='bbox 423 1221 612 1268; x_wconf 74' lang='lat' dir='ltr'>recepturi</span> <span class='ocrx_word' id='word_1_125' title='bbox 643 1231 766 1256; x_wconf 83' lang='lat' dir='ltr'>essent</span> <span class='ocrx_word' id='word_1_126' title='bbox 799 1222 941 1256; x_wconf 81' lang='lat' dir='ltr'>amissa</span> <span class='ocrx_word' id='word_1_127' title='bbox 972 1220 1183 1267; x_wconf 77' lang='lat' dir='ltr'>mancipia,</span> <span class='ocrx_word' id='word_1_128' title='bbox 1215 1221 1439 1257; x_wconf 63' lang='lat' dir='ltr'>Callicrates</span> <span class='ocrx_word' id='word_1_129' title='bbox 1475 1226 1487 1231; x_wconf 82' lang='grc'><strong>“</strong></span> 
     </span>
    </p>
   </div>
   <div class='ocr_carea' id='block_1_5' title="bbox 25 1289 1440 1965">
    <p class='ocr_par' dir='ltr' id='par_1_6' title="bbox 25 1289 1440 1965">
     <span class='ocr_line' id='line_1_17' title="bbox 25 1289 1438 1339; baseline 0.002 -16"><span class='ocrx_word' id='word_1_130' title='bbox 25 1300 72 1324; x_wconf 82' lang='lat' dir='ltr'>ex</span> <span class='ocrx_word' id='word_1_131' title='bbox 102 1289 159 1331; x_wconf 78' lang='lat' dir='ltr'>iis,</span> <span class='ocrx_word' id='word_1_132' title='bbox 191 1290 253 1336; x_wconf 88' lang='lat' dir='ltr'>qui</span> <span class='ocrx_word' id='word_1_133' title='bbox 283 1290 320 1325; x_wconf 93' lang='lat' dir='ltr'>in</span> <span class='ocrx_word' id='word_1_134' title='bbox 352 1303 397 1326; x_wconf 94' lang='lat' dir='ltr'>eo</span> <span class='ocrx_word' id='word_1_135' title='bbox 436 1291 531 1327; x_wconf 83' lang='lat' dir='ltr'>verti</span> <span class='ocrx_word' id='word_1_136' title='bbox 575 1291 735 1326; x_wconf 81' lang='lat' dir='ltr'>salntem</span> <span class='ocrx_word' id='word_1_137' title='bbox 774 1291 897 1339; x_wconf 82' lang='lat' dir='ltr'>gentis</span> <span class='ocrx_word' id='word_1_138' title='bbox 928 1290 1144 1331; x_wconf 73' lang='lat' dir='ltr'>crederent,</span> <span class='ocrx_word' id='word_1_139' title='bbox 1182 1291 1214 1325; x_wconf 87' lang='lat' dir='ltr'>si</span> <span class='ocrx_word' id='word_1_140' title='bbox 1244 1302 1327 1325; x_wconf 86' lang='lat' dir='ltr'>cun]</span> <span class='ocrx_word' id='word_1_141' title='bbox 1359 1291 1438 1326; x_wconf 77' lang='lat' dir='ltr'>Ro-</span> 
     </span>
     <span class='ocr_line' id='line_1_18' title="bbox 26 1358 1437 1407; baseline 0.001 -14"><span class='ocrx_word' id='word_1_142' title='bbox 26 1358 147 1394; x_wconf 86' lang='lat' dir='ltr'>manis</span> <span class='ocrx_word' id='word_1_143' title='bbox 170 1359 391 1396; x_wconf 82' lang='lat' dir='ltr'>inviolatum</span> <span class='ocrx_word' id='word_1_144' title='bbox 416 1361 540 1397; x_wconf 85' lang='lat' dir='ltr'>foedus</span> <span class='ocrx_word' id='word_1_145' title='bbox 567 1369 796 1404; x_wconf 73' lang='lat' dir='ltr'>servaretur,</span> <span class='ocrx_word' id='word_1_146' title='bbox 821 1362 1001 1403; x_wconf 51' lang='lat' dir='ltr'>„Parva”-</span> <span class='ocrx_word' id='word_1_147' title='bbox 1026 1360 1148 1407; x_wconf 90' lang='lat' dir='ltr'>inquit</span> <span class='ocrx_word' id='word_1_148' title='bbox 1178 1367 1267 1402; x_wconf 82' lang='lat' dir='ltr'>„aut</span> <span class='ocrx_word' id='word_1_149' title='bbox 1294 1360 1437 1395; x_wconf 89' lang='lat' dir='ltr'>medio-</span> 
     </span>
     <span class='ocr_line' id='line_1_19' title="bbox 27 1427 1438 1478; baseline 0.001 -16"><span class='ocrx_word' id='word_1_150' title='bbox 27 1427 99 1463; x_wconf 81' lang='lat' dir='ltr'>eris</span> <span class='ocrx_word' id='word_1_151' title='bbox 130 1441 212 1473; x_wconf 77' lang='lat' dir='ltr'>reS‚</span> <span class='ocrx_word' id='word_1_152' title='bbox 244 1431 399 1474; x_wconf 70' lang='lat' dir='ltr'>Achaei,</span> <span class='ocrx_word' id='word_1_153' title='bbox 432 1431 659 1478; x_wconf 68' lang='lat' dir='ltr'>quibusdam</span> <span class='ocrx_word' id='word_1_154' title='bbox 693 1431 842 1465; x_wconf 81' lang='lat' dir='ltr'>videtur</span> <span class='ocrx_word' id='word_1_155' title='bbox 873 1431 954 1478; x_wconf 81' lang='lat' dir='ltr'>agi:</span> <span class='ocrx_word' id='word_1_156' title='bbox 992 1442 1062 1477; x_wconf 85' lang='lat' dir='ltr'>ego</span> <span class='ocrx_word' id='word_1_157' title='bbox 1095 1441 1316 1465; x_wconf 77' lang='lat' dir='ltr'>maxumam</span> <span class='ocrx_word' id='word_1_158' title='bbox 1350 1440 1438 1475; x_wconf 85' lang='lat' dir='ltr'>gra-</span> 
     </span>
     <span class='ocr_line' id='line_1_20' title="bbox 25 1497 1439 1547; baseline 0.001 -15"><span class='ocrx_word' id='word_1_159' title='bbox 25 1497 297 1546; x_wconf 86' lang='lat' dir='ltr'>vissimamque</span> <span class='ocrx_word' id='word_1_160' title='bbox 315 1501 482 1536; x_wconf 90' lang='lat' dir='ltr'>omnium</span> <span class='ocrx_word' id='word_1_161' title='bbox 503 1513 577 1535; x_wconf 89' lang='lat' dir='ltr'>non</span> <span class='ocrx_word' id='word_1_162' title='bbox 595 1500 656 1547; x_wconf 70' lang='lat' dir='ltr'>agi</span> <span class='ocrx_word' id='word_1_163' title='bbox 679 1508 825 1535; x_wconf 81' lang='lat' dir='ltr'>tantum</span> <span class='ocrx_word' id='word_1_164' title='bbox 851 1501 1027 1545; x_wconf 69' lang='lat' dir='ltr'>arbitror,</span> <span class='ocrx_word' id='word_1_165' title='bbox 1049 1500 1114 1535; x_wconf 88' lang='lat' dir='ltr'>sed</span> <span class='ocrx_word' id='word_1_166' title='bbox 1138 1499 1303 1546; x_wconf 78' lang='lat' dir='ltr'>quodam</span> <span class='ocrx_word' id='word_1_167' title='bbox 1325 1499 1439 1533; x_wconf 79' lang='lat' dir='ltr'>inodo</span> 
     </span>
     <span class='ocr_line' id='line_1_21' title="bbox 27 1568 1440 1617; baseline 0.001 -14"><span class='ocrx_word' id='word_1_168' title='bbox 27 1576 149 1603; x_wconf 83' lang='lat' dir='ltr'>actam</span> <span class='ocrx_word' id='word_1_169' title='bbox 191 1582 286 1605; x_wconf 74' lang='lat' dir='ltr'>esse.</span> <span class='ocrx_word' id='word_1_170' title='bbox 354 1570 456 1606; x_wconf 75' lang='lat' dir='ltr'>Nam</span> <span class='ocrx_word' id='word_1_171' title='bbox 497 1571 561 1616; x_wconf 88' lang='lat' dir='ltr'>qui</span> <span class='ocrx_word' id='word_1_172' title='bbox 597 1571 751 1617; x_wconf 84' lang='lat' dir='ltr'>regibus</span> <span class='ocrx_word' id='word_1_173' title='bbox 787 1571 1041 1606; x_wconf 77' lang='lat' dir='ltr'>Macedonum</span> <span class='ocrx_word' id='word_1_174' title='bbox 1082 1568 1440 1615; x_wconf 79' lang='lat' dir='ltr'>Macedonibusque</span> 
     </span>
     <span class='ocr_line' id='line_1_22' title="bbox 25 1637 1438 1687; baseline 0.001 -14"><span class='ocrx_word' id='word_1_175' title='bbox 25 1637 116 1686; x_wconf 84' lang='lat' dir='ltr'>ipsis</span> <span class='ocrx_word' id='word_1_176' title='bbox 147 1640 284 1675; x_wconf 87' lang='lat' dir='ltr'>finibus</span> <span class='ocrx_word' id='word_1_177' title='bbox 314 1640 652 1677; x_wconf 69' lang='lat' dir='ltr'>interdixissemus,</span> <span class='ocrx_word' id='word_1_178' title='bbox 681 1650 860 1676; x_wconf 78' lang='lat' dir='ltr'>caventes</span> <span class='ocrx_word' id='word_1_179' title='bbox 891 1653 958 1687; x_wconf 85' lang='lat' dir='ltr'>per</span> <span class='ocrx_word' id='word_1_180' title='bbox 987 1640 1025 1675; x_wconf 87' lang='lat' dir='ltr'>id</span> <span class='ocrx_word' id='word_1_181' title='bbox 1060 1640 1251 1675; x_wconf 84' lang='lat' dir='ltr'>decretum</span> <span class='ocrx_word' id='word_1_182' title='bbox 1284 1639 1438 1683; x_wconf 70' lang='lat' dir='ltr'>scilicet,</span> 
     </span>
     <span class='ocr_line' id='line_1_23' title="bbox 26 1709 1438 1758; baseline 0.001 -15"><span class='ocrx_word' id='word_1_183' title='bbox 26 1720 72 1744; x_wconf 90' lang='lat' dir='ltr'>ne</span> <span class='ocrx_word' id='word_1_184' title='bbox 94 1709 254 1758; x_wconf 68' lang='lat' dir='ltr'>legatOS,</span> <span class='ocrx_word' id='word_1_185' title='bbox 279 1723 325 1746; x_wconf 88' lang='lat' dir='ltr'>ne</span> <span class='ocrx_word' id='word_1_186' title='bbox 352 1710 504 1746; x_wconf 90' lang='lat' dir='ltr'>nuntios</span> <span class='ocrx_word' id='word_1_187' title='bbox 529 1710 816 1746; x_wconf 81' lang='lat' dir='ltr'>admitteremus</span> <span class='ocrx_word' id='word_1_188' title='bbox 839 1722 985 1757; x_wconf 65' lang='lat' dir='ltr'>regum,</span> <span class='ocrx_word' id='word_1_189' title='bbox 1012 1723 1079 1758; x_wconf 85' lang='lat' dir='ltr'>per</span> <span class='ocrx_word' id='word_1_190' title='bbox 1100 1722 1196 1757; x_wconf 91' lang='lat' dir='ltr'>quos</span> <span class='ocrx_word' id='word_1_191' title='bbox 1221 1709 1438 1755; x_wconf 85' lang='lat' dir='ltr'>aliquorum</span> 
     </span>
     <span class='ocr_line' id='line_1_24' title="bbox 26 1778 1438 1826; baseline -0.001 -12"><span class='ocrx_word' id='word_1_192' title='bbox 26 1789 73 1814; x_wconf 87' lang='lat' dir='ltr'>ex</span> <span class='ocrx_word' id='word_1_193' title='bbox 102 1781 212 1815; x_wconf 81' lang='lat' dir='ltr'>nobis</span> <span class='ocrx_word' id='word_1_194' title='bbox 244 1780 359 1816; x_wconf 82' lang='lat' dir='ltr'>animi</span> <span class='ocrx_word' id='word_1_195' title='bbox 390 1781 706 1824; x_wconf 66' lang='lat' dir='ltr'>sollicitarentur,</span> <span class='ocrx_word' id='word_1_196' title='bbox 747 1780 772 1815; x_wconf 86' lang='lat' dir='ltr'>ii</span> <span class='ocrx_word' id='word_1_197' title='bbox 807 1780 1089 1816; x_wconf 85' lang='lat' dir='ltr'>contionantem</span> <span class='ocrx_word' id='word_1_198' title='bbox 1123 1779 1289 1826; x_wconf 87' lang='lat' dir='ltr'>quodam</span> <span class='ocrx_word' id='word_1_199' title='bbox 1324 1778 1438 1813; x_wconf 90' lang='lat' dir='ltr'>modo</span> 
     </span>
     <span class='ocr_line' id='line_1_25' title="bbox 26 1847 1439 1898; baseline 0.001 -16"><span class='ocrx_word' id='word_1_200' title='bbox 26 1847 221 1884; x_wconf 75' lang='lat' dir='ltr'>absentem</span> <span class='ocrx_word' id='word_1_201' title='bbox 254 1851 430 1885; x_wconf 76' lang='lat' dir='ltr'>audimus</span> <span class='ocrx_word' id='word_1_202' title='bbox 472 1863 622 1898; x_wconf 76' lang='lat' dir='ltr'>regem,</span> <span class='ocrx_word' id='word_1_203' title='bbox 663 1858 719 1893; x_wconf 70' lang='lat' dir='ltr'>et,</span> <span class='ocrx_word' id='word_1_204' title='bbox 765 1850 796 1885; x_wconf 92' lang='lat' dir='ltr'>si</span> <span class='ocrx_word' id='word_1_205' title='bbox 833 1850 890 1885; x_wconf 89' lang='lat' dir='ltr'>dis</span> <span class='ocrx_word' id='word_1_206' title='bbox 929 1850 1076 1897; x_wconf 77' lang='lat' dir='ltr'>placet,</span> <span class='ocrx_word' id='word_1_207' title='bbox 1114 1850 1326 1885; x_wconf 83' lang='lat' dir='ltr'>orationem</span> <span class='ocrx_word' id='word_1_208' title='bbox 1358 1850 1439 1884; x_wconf 90' lang='lat' dir='ltr'>eius</span> 
     </span>
     <span class='ocr_line' id='line_1_26' title="bbox 26 1918 1438 1965; baseline 0 -12"><span class='ocrx_word' id='word_1_209' title='bbox 26 1918 246 1964; x_wconf 83' lang='lat' dir='ltr'>probamus.</span> <span class='ocrx_word' id='word_1_210' title='bbox 299 1920 359 1963; x_wconf 73' lang='lat' dir='ltr'>Et,</span> <span class='ocrx_word' id='word_1_211' title='bbox 391 1932 476 1955; x_wconf 87' lang='lat' dir='ltr'>cum</span> <span class='ocrx_word' id='word_1_212' title='bbox 506 1921 597 1956; x_wconf 75' lang='lat' dir='ltr'>ferae</span> <span class='ocrx_word' id='word_1_213' title='bbox 627 1921 757 1956; x_wconf 84' lang='lat' dir='ltr'>bestiae</span> <span class='ocrx_word' id='word_1_214' title='bbox 788 1920 910 1956; x_wconf 85' lang='lat' dir='ltr'>cibum</span> <span class='ocrx_word' id='word_1_215' title='bbox 944 1919 992 1955; x_wconf 84' lang='lat' dir='ltr'>ad</span> <span class='ocrx_word' id='word_1_216' title='bbox 1022 1919 1195 1955; x_wconf 81' lang='lat' dir='ltr'>fraudem</span> <span class='ocrx_word' id='word_1_217' title='bbox 1229 1932 1336 1954; x_wconf 85' lang='lat' dir='ltr'>suam</span> <span class='ocrx_word' id='word_1_218' title='bbox 1370 1931 1438 1965; x_wconf 92' lang='lat' dir='ltr'>po-</span> 
     </span>
    </p>
   </div>
   <div class='ocr_carea' id='block_1_6' title="bbox 26 1985 1438 2037">
    <p class='ocr_par' dir='ltr' id='par_1_7' title="bbox 26 1985 1438 2037">
     <span class='ocr_line' id='line_1_27' title="bbox 26 1985 1438 2037; baseline 0.001 -16"><span class='ocrx_word' id='word_1_219' title='bbox 26 1985 136 2023; x_wconf 82' lang='lat' dir='ltr'>situm</span> <span class='ocrx_word' id='word_1_220' title='bbox 177 1989 403 2036; x_wconf 87' lang='lat' dir='ltr'>plerumque</span> <span class='ocrx_word' id='word_1_221' title='bbox 444 1999 697 2037; x_wconf 86' lang='lat' dir='ltr'>aspernentur</span> <span class='ocrx_word' id='word_1_222' title='bbox 737 1997 773 2025; x_wconf 86' lang='lat' dir='ltr'>et</span> <span class='ocrx_word' id='word_1_223' title='bbox 809 1989 1024 2036; x_wconf 75' lang='lat' dir='ltr'>refugiant,</span> <span class='ocrx_word' id='word_1_224' title='bbox 1064 2001 1134 2024; x_wconf 91' lang='lat' dir='ltr'>nos</span> <span class='ocrx_word' id='word_1_225' title='bbox 1176 1989 1264 2025; x_wconf 90' lang='lat' dir='ltr'>caeci</span> <span class='ocrx_word' id='word_1_226' title='bbox 1312 1989 1438 2036; x_wconf 84' lang='lat' dir='ltr'>specie</span> 
     </span>
    </p>
   </div>
   <div class='ocr_carea' id='block_1_7' title="bbox 105 2088 249 2093">
    <p class='ocr_par' dir='ltr' id='par_1_8' title="bbox 105 2088 249 2093">
     <span class='ocr_line' id='line_1_28' title="bbox 105 2088 249 2093; baseline 0 0"><span class='ocrx_word' id='word_1_227' title='bbox 105 2088 249 2093; x_wconf 95' lang='lat' dir='ltr'> </span> 
     </span>
    </p>
   </div>
   <div class='ocr_carea' id='block_1_8' title="bbox 26 2135 1435 2181">
    <p class='ocr_par' dir='ltr' id='par_1_9' title="bbox 26 2135 1435 2181">
     <span class='ocr_line' id='line_1_29' title="bbox 26 2135 1435 2181; baseline 0.001 -11"><span class='ocrx_word' id='word_1_228' title='bbox 26 2135 59 2174; x_wconf 90' lang='grc'>8,</span> <span class='ocrx_word' id='word_1_229' title='bbox 89 2141 100 2167; x_wconf 86' lang='grc'>1</span> <span class='ocrx_word' id='word_1_230' title='bbox 130 2140 320 2178; x_wconf 70' lang='lat' dir='ltr'>integi-esse</span> <span class='ocrx_word' id='word_1_231' title='bbox 345 2142 589 2171; x_wconf 82' lang='lat' dir='ltr'>instituendam</span> <span class='ocrx_word' id='word_1_232' title='bbox 641 2147 659 2171; x_wconf 78' lang='lat'>2</span> <span class='ocrx_word' id='word_1_233' title='bbox 689 2151 847 2171; x_wconf 79' lang='lat' dir='ltr'>accorum</span> <span class='ocrx_word' id='word_1_234' title='bbox 901 2145 918 2167; x_wconf 70' lang='lat'>53</span> <span class='ocrx_word' id='word_1_235' title='bbox 947 2141 1145 2181; x_wconf 83' lang='lat' dir='ltr'>quaerebant</span> <span class='ocrx_word' id='word_1_236' title='bbox 1205 2141 1341 2177; x_wconf 79' lang='lat' dir='ltr'>XXIII,</span> <span class='ocrx_word' id='word_1_237' title='bbox 1366 2142 1400 2179; x_wconf 89' lang='lat'>1,</span> <span class='ocrx_word' id='word_1_238' title='bbox 1421 2146 1435 2172; x_wconf 93' lang='lat' dir='ltr'>l</span> 
     </span>
    </p>
   </div>
   <div class='ocr_carea' id='block_1_9' title="bbox 27 2207 1440 2366">
    <p class='ocr_par' dir='ltr' id='par_1_10' title="bbox 27 2207 1440 2366">
     <span class='ocr_line' id='line_1_30' title="bbox 27 2207 1440 2250; baseline 0.004 -15"><span class='ocrx_word' id='word_1_239' title='bbox 27 2207 246 2240; x_wconf 81' lang='lat' dir='ltr'>ateniensium</span> <span class='ocrx_word' id='word_1_240' title='bbox 309 2214 327 2239; x_wconf 85' lang='lat'>2</span> <span class='ocrx_word' id='word_1_241' title='bbox 368 2234 375 2240; x_wconf 93' lang='lat'>.</span> <span class='ocrx_word' id='word_1_242' title='bbox 392 2220 502 2240; x_wconf 82' lang='lat' dir='ltr'>rarum</span> <span class='ocrx_word' id='word_1_243' title='bbox 525 2210 530 2250; x_wconf 83' lang='grc' dir='ltr'>Ι</span> <span class='ocrx_word' id='word_1_244' title='bbox 554 2211 786 2240; x_wconf 70' lang='lat' dir='ltr'>interdicerem</span> <span class='ocrx_word' id='word_1_245' title='bbox 812 2209 1056 2240; x_wconf 77' lang='lat' dir='ltr'>macedonibus</span> <span class='ocrx_word' id='word_1_246' title='bbox 1128 2209 1160 2246; x_wconf 73' lang='lat'>2,</span> <span class='ocrx_word' id='word_1_247' title='bbox 1194 2214 1211 2240; x_wconf 79' lang='lat'>2</span> <span class='ocrx_word' id='word_1_248' title='bbox 1240 2211 1280 2241; x_wconf 88' lang='lat' dir='ltr'>iis</span> <span class='ocrx_word' id='word_1_249' title='bbox 1307 2209 1440 2242; x_wconf 75' lang='lat' dir='ltr'>addidit</span> 
     </span>
     <span class='ocr_line' id='line_1_31' title="bbox 27 2261 1440 2309; baseline 0.004 -16"><span class='ocrx_word' id='word_1_250' title='bbox 27 2261 174 2295; x_wconf 74' lang='lat' dir='ltr'>Perizon.</span> <span class='ocrx_word' id='word_1_251' title='bbox 241 2266 279 2301; x_wconf 81' lang='grc'>3,</span> <span class='ocrx_word' id='word_1_252' title='bbox 308 2271 324 2297; x_wconf 83' lang='grc'><strong>2</strong></span> <span class='ocrx_word' id='word_1_253' title='bbox 353 2268 670 2299; x_wconf 75' lang='lat' dir='ltr'>animaduertissent</span> <span class='ocrx_word' id='word_1_254' title='bbox 704 2269 708 2305; x_wconf 85' lang='grc'>1</span> <span class='ocrx_word' id='word_1_255' title='bbox 743 2268 863 2297; x_wconf 68' lang='lat' dir='ltr'>linei-:e</span> <span class='ocrx_word' id='word_1_256' title='bbox 889 2273 1036 2297; x_wconf 82' lang='lat' dir='ltr'>ceterum</span> <span class='ocrx_word' id='word_1_257' title='bbox 1064 2265 1183 2308; x_wconf 74' lang='lat' dir='ltr'>(Gryn.</span> <span class='ocrx_word' id='word_1_258' title='bbox 1218 2268 1355 2299; x_wconf 76' lang='lat' dir='ltr'>litteras.</span> <span class='ocrx_word' id='word_1_259' title='bbox 1384 2269 1440 2309; x_wconf 83' lang='lat' dir='ltr'>qui</span> 
     </span>
     <span class='ocr_line' id='line_1_32' title="bbox 27 2318 1434 2366; baseline 0.004 -16"><span class='ocrx_word' id='word_1_260' title='bbox 27 2318 170 2352; x_wconf 82' lang='lat' dir='ltr'>lacunam</span> <span class='ocrx_word' id='word_1_261' title='bbox 185 2325 335 2355; x_wconf 76' lang='lat' dir='ltr'>asterisco</span> <span class='ocrx_word' id='word_1_262' title='bbox 348 2326 498 2363; x_wconf 73' lang='lat' dir='ltr'>notavit.)</span> <span class='ocrx_word' id='word_1_263' title='bbox 555 2325 589 2362; x_wconf 83' lang='lat'>4,</span> <span class='ocrx_word' id='word_1_264' title='bbox 621 2330 632 2356; x_wconf 87' lang='lat'><em>1</em></span> <span class='ocrx_word' id='word_1_265' title='bbox 664 2325 836 2355; x_wconf 73' lang='lat' dir='ltr'>recitantis</span> <span class='ocrx_word' id='word_1_266' title='bbox 899 2328 917 2354; x_wconf 81' lang='lat'>2</span> <span class='ocrx_word' id='word_1_267' title='bbox 945 2324 1122 2354; x_wconf 72' lang='lat' dir='ltr'>moderatae</span> <span class='ocrx_word' id='word_1_268' title='bbox 1179 2328 1197 2354; x_wconf 88' lang='lat'><strong>3</strong></span> <span class='ocrx_word' id='word_1_269' title='bbox 1224 2325 1276 2355; x_wconf 84' lang='lat' dir='ltr'>his</span> <span class='ocrx_word' id='word_1_270' title='bbox 1303 2324 1434 2366; x_wconf 74' lang='lat' dir='ltr'>Kreyss.</span> 
     </span>
    </p>
   </div>
   <div class='ocr_carea' id='block_1_10' title="bbox 26 2393 1437 2551">
    <p class='ocr_par' dir='ltr' id='par_1_11' title="bbox 26 2393 1437 2551">
     <span class='ocr_line' id='line_1_33' title="bbox 28 2393 1435 2434; baseline 0.002 -13"><span class='ocrx_word' id='word_1_271' title='bbox 28 2394 49 2420; x_wconf 78' lang='lat'>4</span> <span class='ocrx_word' id='word_1_272' title='bbox 72 2393 194 2423; x_wconf 84' lang='lat' dir='ltr'>amissa</span> <span class='ocrx_word' id='word_1_273' title='bbox 220 2395 412 2434; x_wconf 75' lang='lat' dir='ltr'>pmancipia</span> <span class='ocrx_word' id='word_1_274' title='bbox 480 2394 512 2430; x_wconf 87' lang='grc'>5,</span> <span class='ocrx_word' id='word_1_275' title='bbox 547 2398 558 2424; x_wconf 86' lang='lat' dir='ltr'>l</span> <span class='ocrx_word' id='word_1_276' title='bbox 597 2395 793 2434; x_wconf 53' lang='lat' dir='ltr'>gallim-ates</span> <span class='ocrx_word' id='word_1_277' title='bbox 844 2397 862 2422; x_wconf 82' lang='lat'>2</span> <span class='ocrx_word' id='word_1_278' title='bbox 890 2393 1012 2432; x_wconf 79' lang='lat' dir='ltr'>quineo</span> <span class='ocrx_word' id='word_1_279' title='bbox 1047 2394 1051 2431; x_wconf 86' lang='grc' dir='ltr'>Ι</span> <span class='ocrx_word' id='word_1_280' title='bbox 1086 2394 1237 2423; x_wconf 80' lang='lat' dir='ltr'>crederet</span> <span class='ocrx_word' id='word_1_281' title='bbox 1281 2397 1300 2424; x_wconf 84' lang='lat'><strong>3</strong></span> <span class='ocrx_word' id='word_1_282' title='bbox 1329 2395 1435 2424; x_wconf 80' lang='lat' dir='ltr'>uiola-</span> 
     </span>
     <span class='ocr_line' id='line_1_34' title="bbox 27 2451 1436 2491; baseline 0.001 -12"><span class='ocrx_word' id='word_1_283' title='bbox 27 2451 95 2479; x_wconf 81' lang='lat' dir='ltr'>tum</span> <span class='ocrx_word' id='word_1_284' title='bbox 160 2451 200 2488; x_wconf 88' lang='grc'>6,</span> <span class='ocrx_word' id='word_1_285' title='bbox 232 2455 244 2481; x_wconf 95' lang='lat' dir='ltr'>l</span> <span class='ocrx_word' id='word_1_286' title='bbox 274 2453 389 2491; x_wconf 92' lang='lat' dir='ltr'>inquid</span> <span class='ocrx_word' id='word_1_287' title='bbox 459 2456 477 2482; x_wconf 86' lang='lat'>2</span> <span class='ocrx_word' id='word_1_288' title='bbox 506 2452 602 2482; x_wconf 80' lang='lat' dir='ltr'>achei</span> <span class='ocrx_word' id='word_1_289' title='bbox 638 2454 642 2489; x_wconf 78' lang='grc' dir='ltr'>Ι</span> <span class='ocrx_word' id='word_1_290' title='bbox 681 2459 838 2481; x_wconf 82' lang='lat' dir='ltr'>maxume</span> <span class='ocrx_word' id='word_1_291' title='bbox 873 2451 1111 2489; x_wconf 80' lang='lat' dir='ltr'>grauissimam</span> <span class='ocrx_word' id='word_1_292' title='bbox 1149 2451 1436 2490; x_wconf 84' lang='lat' dir='ltr'>omniumquenon</span> 
     </span>
     <span class='ocr_line' id='line_1_35' title="bbox 26 2503 1437 2551; baseline 0.001 -14"><span class='ocrx_word' id='word_1_293' title='bbox 26 2503 208 2547; x_wconf 73' lang='lat' dir='ltr'>Rupertt&#39;us.</span> <span class='ocrx_word' id='word_1_294' title='bbox 250 2508 373 2551; x_wconf 77' lang='lat' dir='ltr'>(Gryn.</span> <span class='ocrx_word' id='word_1_295' title='bbox 401 2510 549 2540; x_wconf 85' lang='lat' dir='ltr'>maxime</span> <span class='ocrx_word' id='word_1_296' title='bbox 577 2509 809 2548; x_wconf 79' lang='lat' dir='ltr'>gravissimam</span> <span class='ocrx_word' id='word_1_297' title='bbox 837 2507 988 2537; x_wconf 88' lang='lat' dir='ltr'>omnium</span> <span class='ocrx_word' id='word_1_298' title='bbox 1019 2517 1086 2537; x_wconf 90' lang='lat' dir='ltr'>nou</span> <span class='ocrx_word' id='word_1_299' title='bbox 1113 2508 1251 2548; x_wconf 73' lang='lat' dir='ltr'>agique)</span> <span class='ocrx_word' id='word_1_300' title='bbox 1305 2513 1324 2539; x_wconf 89' lang='lat'>3</span> <span class='ocrx_word' id='word_1_301' title='bbox 1352 2520 1437 2549; x_wconf 88' lang='lat' dir='ltr'>quo-</span> 
     </span>
    </p>
   </div>
   <div class='ocr_carea' id='block_1_11' title="bbox 27 2562 1435 2618">
    <p class='ocr_par' dir='ltr' id='par_1_12' title="bbox 27 2562 1435 2618">
     <span class='ocr_line' id='line_1_36' title="bbox 27 2562 1435 2618; baseline 0.002 -10"><span class='ocrx_word' id='word_1_302' title='bbox 27 2562 228 2610; x_wconf 62' lang='lat' dir='ltr'>dammodao</span> <span class='ocrx_word' id='word_1_303' title='bbox 266 2579 297 2616; x_wconf 83' lang='grc'>7,</span> <span class='ocrx_word' id='word_1_304' title='bbox 329 2583 341 2609; x_wconf 94' lang='lat' dir='ltr'>l</span> <span class='ocrx_word' id='word_1_305' title='bbox 364 2579 658 2609; x_wconf 80' lang='lat' dir='ltr'>interdixissemus</span> <span class='ocrx_word' id='word_1_306' title='bbox 678 2585 880 2614; x_wconf 78' lang='lat' dir='ltr'>munereque</span> <span class='ocrx_word' id='word_1_307' title='bbox 898 2577 931 2606; x_wconf 84' lang='lat' dir='ltr'>id</span> <span class='ocrx_word' id='word_1_308' title='bbox 951 2577 1122 2607; x_wconf 84' lang='lat' dir='ltr'>decretum</span> <span class='ocrx_word' id='word_1_309' title='bbox 1151 2576 1223 2618; x_wconf 66' lang='lat' dir='ltr'>Jsy.</span> <span class='ocrx_word' id='word_1_310' title='bbox 1250 2578 1323 2609; x_wconf 82' lang='lat' dir='ltr'>Em.</span> <span class='ocrx_word' id='word_1_311' title='bbox 1352 2579 1435 2611; x_wconf 71' lang='lat'>504.</span> 
     </span>
    </p>
   </div>
   <div class='ocr_carea' id='block_1_12' title="bbox 27 2633 1056 2687">
    <p class='ocr_par' dir='ltr' id='par_1_13' title="bbox 27 2633 1056 2687">
     <span class='ocr_line' id='line_1_37' title="bbox 27 2633 1056 2687; baseline -0.001 -11"><span class='ocrx_word' id='word_1_312' title='bbox 27 2649 46 2676; x_wconf 81' lang='lat'><strong>3</strong></span> <span class='ocrx_word' id='word_1_313' title='bbox 73 2633 347 2678; x_wconf 75' lang='lat' dir='ltr'>contbionantem</span> <span class='ocrx_word' id='word_1_314' title='bbox 398 2651 415 2677; x_wconf 83' lang='lat'>5</span> <span class='ocrx_word' id='word_1_315' title='bbox 442 2647 640 2687; x_wconf 82' lang='lat' dir='ltr'>probatmus</span> <span class='ocrx_word' id='word_1_316' title='bbox 689 2646 722 2681; x_wconf 89' lang='lat'>8,</span> <span class='ocrx_word' id='word_1_317' title='bbox 751 2650 764 2676; x_wconf 85' lang='lat'>1</span> <span class='ocrx_word' id='word_1_318' title='bbox 794 2646 862 2676; x_wconf 80' lang='lat' dir='ltr'>fere</span> <span class='ocrx_word' id='word_1_319' title='bbox 913 2649 931 2675; x_wconf 87' lang='lat'><strong>2</strong></span> <span class='ocrx_word' id='word_1_320' title='bbox 959 2647 1056 2675; x_wconf 80' lang='lat' dir='ltr'>caecis</span> 
     </span>
    </p>
   </div>
   <div class='ocr_carea' id='block_1_13' title="bbox 1497 520 1550 564">
    <p class='ocr_par' dir='ltr' id='par_1_14' title="bbox 1497 520 1550 564">
     <span class='ocr_line' id='line_1_38' title="bbox 1497 520 1550 564; baseline 0 0"><span class='ocrx_word' id='word_1_321' title='bbox 1497 520 1550 564; x_wconf 82' lang='lat'>23</span> 
     </span>
    </p>
   </div>
  </div>
 </body>
</html>
