1753 2934
151 1269 199 1314 19

318 111 395 146 230
655 109 758 139 Liber
783 109 891 140 XLV.
959 110 1019 149 (A.
1048 120 1079 141 u.
1108 121 1136 141 c.
1166 111 1261 150 587.)

261 231 435 267 Romano
452 230 603 278 regibus
619 230 751 267 fuisset
770 232 860 277 suis,
887 233 1028 269 exitum
1052 234 1130 270 eius
1155 234 1351 270 victoriam
1368 235 1563 278 Romanis,
1588 235 1660 272 sibi

261 300 471 336 libertatem
499 300 724 337 adlaturum.
774 301 920 338 Metalli
948 314 1100 350 quoque
1125 303 1374 346 Macedonici,
1401 304 1502 351 quod
1526 304 1658 352 ingens

260 369 422 417 vectigal
435 377 527 414 erat,
542 369 1121 421 locationesproeterpraediorum
1137 374 1362 410 rusticorum
1378 374 1456 409 tolli
1471 374 1659 422 placebat.

259 439 361 475 Nam
386 452 508 487 neque
532 440 611 476 sine
627 441 828 488 publicano
853 443 1020 478 exerceri
1037 455 1149 491 posse
1163 450 1210 488 et,
1229 444 1290 479 ubi
1308 443 1532 492 publicanus
1548 452 1659 488 esset,

258 508 309 544 ibi
330 515 396 544 aut
418 509 474 544 ius
499 510 689 557 publicum
714 524 852 548 vanum
878 518 943 548 aut
959 513 1170 549 libertatem
1188 514 1300 550 sociis
1316 514 1455 550 nullam
1473 526 1565 551 esse.
1598 514 1659 550 Ne

257 578 361 626 ipsos
385 579 536 626 quidem
553 580 785 617 Macedonas
809 582 847 618 id
871 594 1047 618 exercere
1069 595 1194 630 posse.
1226 584 1303 621 Ubi
1323 584 1359 619 in
1382 584 1504 619 medio
1527 584 1677 632 praeda=

259 647 610 686 administrantibus
631 658 740 696 esset,
769 653 820 689 ibi
842 664 1047 699 numquam
1070 665 1205 689 causas
1229 653 1454 689 seditionum
1477 659 1514 689 et
1534 660 1659 690 certa-

258 717 368 753 minis
397 718 539 755 defore.
585 719 796 758 Commune
825 722 1023 757 coneilium
1053 723 1175 770 gentis
1206 735 1299 766 esse,
1330 723 1583 770 iriprobatum,
1614 736 1657 760 ne

257 787 361 835 volgi
382 788 603 826 adsentator
623 791 828 839 aliquando
850 792 1061 828 libertatem
1084 793 1227 829 salubri
1248 793 1506 829 moderatione
1527 793 1655 829 datam

259 857 307 893 ad
327 858 515 895 licentiam
539 861 774 908 pestilentem
796 863 974 899 traheret.
1032 864 1078 898 In
1100 870 1280 910 quattuor
1305 863 1479 910 regiones
1501 863 1661 899 describi

258 928 547 972 Macedoniam.
591 937 630 966 ut
667 943 775 967 suum
808 945 967 980 quaeque
1004 933 1202 969 concilium
1239 934 1414 975 haberet,
1455 933 1595 980 placuit
1625 939 1660 969 et

258 998 452 1035 dimidium
483 1000 624 1045 tributi,
656 1013 768 1049 quam
799 1003 900 1050 quod
930 1003 1081 1050 regibus
1112 1003 1210 1039 ferre
1240 1003 1340 1039 soliti
1370 1008 1488 1046 erant,
1519 1003 1661 1050 populo

258 1069 434 1105 Romano
465 1071 640 1118 pendere.
686 1072 834 1108 Similia
863 1073 920 1109 his
942 1079 977 1108 et
1005 1074 1039 1108 in
1068 1072 1260 1121 Illyricum
1293 1073 1484 1110 mandata.
1525 1071 1661 1109 Cetera

257 1138 348 1187 ipsis
378 1139 671 1188 imperatoribus
701 1141 911 1190 legatisque
942 1143 1090 1184 relicta,
1131 1143 1167 1178 in
1199 1143 1334 1190 quibus
1365 1154 1529 1190 praesens
1563 1149 1662 1179 trac—

258 1210 352 1245 tatio
383 1222 508 1246 rerum
540 1212 702 1247 certiora
731 1212 948 1248 subiectura
978 1220 1061 1248 erat
1090 1212 1257 1248 consilia.

368 1279 473 1316 Inter
513 1281 650 1317 multas
690 1293 822 1329 regum
852 1282 1098 1329 gentiumque
1128 1288 1163 1318 et
1196 1281 1422 1329 populorum
1454 1282 1663 1329 legationes

258 1350 427 1393 Attalus,
457 1349 576 1386 frater
606 1352 705 1400 regis
726 1353 920 1392 Eumenis,
952 1353 1117 1388 maxime
1145 1351 1330 1387 convertit
1358 1352 1394 1386 in
1425 1363 1465 1386 se
1495 1352 1662 1388 omnium

258 1420 388 1455 oculos
420 1421 654 1468 animosque.
714 1422 908 1471 Exceptus
948 1423 1045 1458 enim
1088 1428 1143 1458 cst
1181 1421 1228 1457 ab
1267 1421 1334 1465 iis7
1374 1421 1437 1468 qui
1477 1421 1588 1457 simul
1617 1434 1662 1458 eo

256 1489 356 1525 bello
396 1490 671 1531 militaverant,
718 1493 812 1528 haut
857 1492 971 1540 paulo
1012 1492 1229 1540 benignius.
1268 1504 1380 1540 quam
1422 1492 1453 1527 si
1484 1492 1564 1540 ipse
1595 1504 1664 1528 rex

258 1560 447 1596 Eumenes
478 1562 653 1599 venisset.
715 1563 969 1598 Adduxerant
1003 1575 1086 1599 euni
1121 1563 1203 1599 duae
1233 1562 1269 1598 in
1302 1561 1463 1610 speciem
1495 1563 1663 1598 honestae

256 1643 328 1674 res,
358 1643 433 1666 una
449 1632 667 1678 gratulatio,
698 1633 924 1668 conveniens
956 1633 990 1668 in
1023 1646 1068 1668 ea
1096 1633 1269 1677 victoria,
1300 1645 1412 1680 quam
1444 1632 1525 1679 ipse
1555 1632 1662 1668 adiu-

257 1701 392 1746 visset,
432 1701 552 1737 altera
591 1703 828 1750 querimonia
868 1702 1006 1739 Gallici
1050 1703 1231 1738 tumultus
1262 1709 1501 1749 acceptaeque
1531 1701 1662 1742 cladis,

260 1783 335 1818 qua
364 1783 521 1819 regnum
561 1773 599 1808 in
638 1773 792 1809 dubium
835 1773 1039 1809 adductum
1074 1778 1184 1809 esset.
1250 1772 1414 1809 Suberat
1447 1779 1483 1807 et
1516 1778 1661 1808 secreta

257 1886 274 1913 5
301 1881 402 1914 fuisse
436 1884 440 1922 Ι
470 1883 617 1913 romanis
649 1883 839 1913 adlaturum
875 1883 1047 1912 crederent
1073 1882 1134 1913 sibi
1163 1882 1351 1912 adlaturum
1379 1881 1441 1912 sibi
1469 1881 1660 1912 libertatem

255 1940 382 1971 mctalli
416 1941 532 1982 (Gryn.
561 1941 673 1977 Rom„
706 1940 767 1971 sibi
794 1941 850 1971 lib.
879 1940 979 1970 adlat.
1017 1941 1202 1970 crederent.
1241 1940 1371 1970 Metalli
1399 1938 1522 1970 Sustuli
1545 1939 1660 1970 crede-

256 2004 330 2029 rent
353 1997 425 2028 Em.
457 1997 531 2028 600
558 1999 603 2037 η.)
669 1998 701 2034 3,
732 2001 745 2028 1
776 2008 841 2038 quo
867 1999 984 2037 ingens
1035 2002 1052 2028 2
1080 1997 1331 2038 locutionesque
1356 1997 1559 2038 praediorum
1588 1996 1658 2038 My.

256 2055 327 2086 Em.
359 2054 429 2086 599
477 2054 509 2089 4,
537 2059 548 2085 l
578 2055 778 2096 publicanus
805 2063 854 2086 est
880 2055 1063 2096 Darinyius
1113 2059 1130 2085 ‘2
1158 2055 1201 2086 ibi
1229 2056 1358 2086 auctius
1388 2055 1393 2093 Ι
1422 2055 1547 2085 nullam
1574 2062 1661 2086 esset

255 2112 287 2150 5,
306 2118 324 2143 2
341 2113 540 2144 macedones
558 2127 560 2134 κ
578 2113 664 2143 idem
687 2112 788 2151 Creu,
802 2112 875 2143 Em.
891 2112 962 2143 599
979 2136 981 2153 Α,
999 2113 1146 2154 praedam
1204 2116 1222 2143 3
1242 2122 1430 2153 nuncquam
1444 2113 1446 2153 l
1461 2113 1660 2143 seditionem

255 2175 277 2200 4
298 2171 399 2201 dcere
445 2170 476 2206 6,
506 2174 518 2200 l
550 2171 725 2201 consilium
747 2169 855 2212 Siyon.
881 2172 886 2209 Ι
908 2171 1018 2210 gentis
1044 2176 1130 2202 esset
1155 2170 1332 2210 inprobum
1360 2170 1451 2209 uulgi
1478 2170 1659 2200 adsenator

257 2227 328 2269 My.
356 2228 428 2259 Em.
460 2228 534 2259 0¹00
559 2227 672 2270 (Gt-yn.
702 2229 811 2267 gemis
839 2234 945 2265 esset,
983 2238 1023 2258 ne
1050 2228 1236 2268 improbum
1266 2227 1383 2267 vulgus
1410 2238 1429 2258 a
1455 2234 1572 2258 senatu
1598 2227 1658 2258 ali-

257 2285 404 2326 quando)
432 2289 449 2316 2
465 2286 685 2316 moderationi
702 2285 1015 2326 Ed1't0rm2sci0qm·s
1054 2285 1084 2323 7,
1105 2289 1115 2315 1
1132 2292 1288 2325 quattuor
1303 2286 1501 2316 macedones
1517 2285 1659 2316 describi

257 2344 484 2374 macedoniam
502 2344 607 2375 uisum
624 2353 763 2384 quaequc
779 2343 952 2375 consilium
969 2343 1164 2383 (concilium
1181 2342 1310 2384 St'g‘yon.)
1351 2347 1369 2373 2
1395 2343 1518 2373 habere
1556 2346 1574 2373 3
1602 2343 1659 2373 tri-

256 2401 394 2441 butique
419 2411 519 2442 quam
546 2401 635 2441 quod
657 2401 662 2441 Ι
684 2400 761 2432 ferri
809 2401 840 2435 8.
864 2405 875 2431 l
906 2407 939 2431 et
961 2400 1124 2441 illyricum
1148 2402 1152 2439 Ι
1176 2403 1333 2432 mandata
1350 2401 1422 2442 ipsa
1440 2401 1559 2431 ceteris
1578 2401 1659 2440 ipsis

256 2458 358 2495 XIX,
396 2458 435 2495 2,
475 2463 486 2489 l
528 2459 580 2489 his
608 2458 738 2501 Kreyss.
808 2463 826 2490 2
860 2459 1089 2489 militauerunt
1123 2458 1287 2498 Clericus}
1310 2457 1393 2499 ant!
1416 2458 1658 2497 benigniusque

258 2526 358 2556 quam
410 2520 428 2546 3
456 2516 629 2547 uenissent
677 2517 709 2554 3,
738 2521 755 2547 2
782 2517 815 2547 in
841 2526 897 2547 eas
923 2517 1064 2547 uictoria
1114 2519 1132 2546 3
1160 2517 1378 2556 quaerimonia
1404 2515 1550 2555 gallique
1573 2516 1577 2555 Ι
1600 2515 1659 2545 ad-

258 2579 424 2613 uertaeque
451 2573 572 2613 gladiis
599 2583 672 2613 quae
707 2573 869 2606 lValclzius
895 2574 1061 2614 (acceptae
1087 2574 1210 2613 cladis)
1236 2579 1264 2604 et
1289 2572 1420 2615 Kreyss.
1449 2571 1563 2614 (Gryn.
1588 2573 1658 2603 Ad-

257 2638 424 2671 vertaeque
451 2631 571 2671 gladiis
598 2641 736 2671 regnum
766 2649 804 2653 -—
832 2632 1014 2662 adductum
1043 2630 1132 2671 esse.)
