1753 2934
525 128 625 159 Liber
651 128 759 159 XLV.
814 130 871 167 (A.
901 128 979 160 Chr.
1014 130 1105 169 167.)
1388 131 1465 167 249

111 251 216 299 ipsos
247 250 392 287 caedere
430 257 466 287 et
496 251 591 287 alios
628 252 707 300 pati
742 251 873 288 vetuit.
946 252 1203 300 Regionibus,
1249 263 1333 298 quae
1378 251 1522 287 adfines

110 321 285 356 barbaris
319 327 444 357 essent
472 319 655 370 (excepta
685 329 811 357 autem
842 323 967 366 tertia,
997 334 1130 358 omncs
1162 320 1308 370 crant),
1338 320 1522 369 permisit,

109 397 150 426 ut
175 390 353 438 praesidia
384 398 534 426 armata
563 391 600 426 iu
631 391 767 427 finibus
798 392 977 427 extremis
1008 393 1205 428 haberent.

218 460 312 496 Haec
349 460 595 508 pronuntiata
634 460 756 508 primo
801 460 861 496 die
907 468 1117 497 conventus
1157 460 1263 497 varie
1300 460 1523 496 adfecerunt

108 529 267 565 animos.
329 530 504 566 Libertas
526 538 663 578 praetcr
683 542 788 579 spem
812 531 903 567 data
927 532 1077 568 adrexit
1098 539 1134 567 et
1155 531 1322 566 levatum
1355 542 1520 565 annuum

107 599 283 647 vectigal.
344 600 586 648 Regionatim
618 601 846 637 commercio
877 601 1090 650 interrupto
1121 601 1173 637 ita
1202 599 1321 635 videri
1351 599 1521 643 lacerati,

107 675 304 716 tamquam
328 670 483 706 animali
513 670 550 705 in
573 677 678 706 artus
699 671 859 707 alterum
887 671 1041 707 alterius
1076 670 1288 717 indigentes
1318 669 1520 712 distraeto;

106 739 215 781 adeo,
247 746 391 787 quanta
412 740 642 776 Macedonia
671 747 789 786 esset,
821 754 936 788 quam
972 741 1095 777 divisu
1132 739 1268 783 facilis,
1298 746 1339 775 ut
1368 750 1409 774 se
1438 739 1523 786 ipsa

106 821 267 856 quaeque
283 815 461 845 contenta
477 821 568 857 pars
586 817 697 854 esset,
716 811 949 847 Macedones
968 823 1119 858 quoque
1136 810 1378 858 ignorabant.
1423 809 1522 844 Pars

105 878 230 925 prima
262 879 428 914 Bisaltas
459 879 586 921 habet,
616 879 846 916 fortissimos
876 880 980 916 viros
1013 879 1134 927 (trans
1170 880 1337 915 Nessum
1370 890 1520 914 amnem

104 947 275 984 incolunt
303 955 341 984 et
379 949 479 984 circa
510 950 792 997 Strymonem),
831 956 868 985 et
908 949 1047 985 multas
1077 949 1229 997 frugum
1265 948 1521 996 proprietates

105 1024 141 1054 et
171 1019 326 1054 metalla
357 1025 393 1055 et
421 1019 744 1067 opportunitatem
774 1019 1041 1067 Amphipolis,
1076 1031 1160 1067 quae
1200 1019 1349 1055 obieeta
1380 1017 1522 1053 claudit

104 1099 236 1123 omnes
278 1089 326 1124 ab
369 1089 514 1124 oriente
545 1089 625 1125 sole
654 1089 692 1124 iu
723 1089 992 1125 Macedoniam
1025 1089 1162 1125 aditus.
1221 1088 1399 1125 Secunda
1430 1098 1520 1135 pars

104 1158 370 1194 celeberrimas
401 1160 536 1203 urbes,
568 1160 869 1196 Thessalonicen
900 1165 933 1195 et
963 1158 1266 1203 Cassandream,
1304 1158 1439 1201 habet,
1472 1157 1520 1192 ad

102 1227 175 1263 hoc
191 1227 389 1272 Pallenen,
419 1228 580 1265 fertilem
612 1242 657 1265 ac
686 1229 911 1278 frugiferam
939 1235 1099 1272 terrann
1132 1229 1345 1265 maritimas
1369 1239 1520 1275 quoque

104 1298 411 1345 opportunitates
450 1299 482 1334 ei
523 1300 694 1347 praebent
729 1307 862 1348 portus
903 1312 926 1335 a.
965 1300 1123 1335 Torone
1161 1311 1205 1334 ac
1246 1305 1374 1334 monte
1411 1298 1520 1334 Atho

102 1367 140 1403 in
170 1367 386 1404 Favonium
419 1369 483 1404 alii
512 1369 753 1417 insulamque
783 1370 995 1413 Euboeam,
1046 1369 1110 1404 alii
1149 1369 1195 1404 ad
1226 1368 1518 1416 Hellespontum

106 1445 321 1485 opportune
351 1439 463 1476 versi.
527 1440 662 1476 Tertia
691 1440 797 1487 regio
835 1439 982 1475 nobiles
1013 1440 1126 1474 urbes
1157 1439 1342 1475 Edessam
1376 1444 1412 1473 et
1444 1437 1517 1472 Be-

103 1520 222 1544 roeam
255 1514 290 1544 et
322 1508 470 1544 Pellam
502 1510 619 1545 habet
650 1517 686 1545 et
715 1509 966 1545 Bottiaeorum
999 1509 1219 1545 bellicosam
1251 1516 1424 1555 gentem,
1462 1507 1517 1542 in-

103 1578 207 1614 colas
239 1591 392 1626 quoque
436 1580 645 1627 permultos
676 1578 814 1616 Gallos
846 1586 881 1615 et
911 1579 1085 1628 Illyrios,
1127 1579 1298 1627 inpigros
1341 1577 1517 1613 cultores.

104 1647 292 1695 Quartam
323 1649 518 1697 regionem
549 1650 704 1686 Eordaei
734 1658 771 1686 et
794 1651 992 1699 Lyncestae
1023 1657 1059 1686 et
1081 1650 1298 1698 Pelagones
1328 1647 1518 1690 incolunt3

104 1834 158 1873 14,
186 1839 205 1866 3
233 1841 408 1876 exceptam
448 1836 452 1874 1
491 1835 625 1866 tertiam
698 1833 812 1871 XXX,
840 1833 872 1871 1,
905 1838 917 1864 l
948 1836 1050 1866 uariae
1124 1838 1142 1865 2
1171 1845 1228 1875 spe
1255 1835 1335 1865 data
1361 1834 1519 1863 adrexest

105 1899 138 1924 et
186 1893 217 1928 2,
250 1897 260 1924 l
293 1894 494 1933 regionatim
523 1893 646 1923 mescio
671 1892 865 1932 interruptis
893 1892 1045 1923 aduideri
1074 1893 1225 1923 lacerata
1253 1893 1331 1933 (cfr.
1354 1889 1516 1932 insra§6⁸‚

106 1951 144 1990 1)
185 1951 256 1992 1119.
285 1957 313 1982 et
341 1950 430 1982 Crev.
459 1951 632 1989 (lacerati)
670 1949 792 1989 (Aliter
818 1949 890 1980 Em.
923 1949 1002 1981 610.
1062 1951 1158 1992 Gryn.
1196 1959 1264 1989 reg.
1304 1948 1517 1979 commerciis

102 2009 298 2050 interruptis
325 2010 371 2040 ita
392 2009 497 2039 uideri
522 2007 690 2047 lacerata)
730 2011 748 2037 2
764 2007 924 2038 animalia
940 2008 976 2038 in
996 2014 1087 2039 artus
1102 2008 1242 2038 alteram
1269 2007 1406 2037 alterius
1433 2006 1517 2036 indi-

103 2068 208 2098 centis
236 2067 398 2098 distraeto
415 2066 486 2108 319.
502 2066 576 2097 Em.
600 2064 669 2096 610
694 2064 814 2107 (Gryn.
841 2066 1002 2096 animalia
1029 2066 1063 2096 in
1082 2072 1172 2096 artus
1199 2066 1339 2096 alterum
1359 2065 1416 2095 alt.
1433 2064 1518 2094 indi-

103 2125 232 2165 genteis
257 2125 439 2164 distracta)
500 2127 519 2154 3
547 2123 669 2153 diuisui
704 2121 794 2154 Crev.
831 2123 836 2161 Ι
875 2129 952 2154 eta
990 2133 1025 2155 se
1052 2122 1163 2164 Siyon.
1217 2123 1309 2154 Fort.
1349 2124 1395 2153 ita
1421 2127 1457 2152 ut
1483 2131 1518 2153 se

103 2187 123 2214 4
149 2188 344 2224 contempta
358 2181 468 2224 Siqon.
493 2181 498 2222 Ι
520 2181 762 2220 ignorabantur
808 2180 841 2218 3,
869 2185 887 2212 2
915 2181 1039 2212 bisalta
1088 2185 1107 2211 3
1134 2181 1328 2212 incoluntur
1354 2187 1387 2211 et
1407 2181 1517 2211 circae

105 2238 110 2281 Ι
138 2241 326 2282 proprietas
375 2244 395 2271 4
422 2239 603 2281 ampipolis
652 2242 668 2269 5
699 2239 804 2269 solem
832 2240 1066 2270 macedoniam
1123 2238 1156 2277 4,
1184 2243 1202 2269 2
1230 2245 1262 2270 et
1288 2250 1345 2270 om.
1370 2240 1374 2278 Ι
1398 2248 1517 2269 casan-

101 2299 217 2330 dream
273 2302 292 2330 3
318 2299 485 2339 pellenem
508 2300 512 2337 Ι
535 2297 717 2337 rugiferam
767 2301 787 2327 4
813 2297 854 2327 ad
882 2302 1056 2328 toroneam
1085 2303 1232 2328 montem
1268 2297 1518 2328 athoeneaeuo·

103 2362 182 2388 eant
205 2357 296 2387 hunc
321 2356 377 2387 alii
402 2356 615 2396 insulamque
642 2354 714 2396 My.
745 2354 877 2394 (illinus
903 2361 982 2386 recte
1006 2354 1079 2386 Em.
1112 2354 1202 2395 (511.)
1252 2354 1351 2396 Gryn.
1379 2355 1421 2385 ad
1448 2355 1517 2386 To-

102 2424 218 2446 ronem
245 2424 283 2445 ac
310 2420 456 2445 montem
489 2414 579 2444 Atho
618 2413 751 2453 (AEneae
788 2418 910 2444 vocant
941 2412 1047 2452 hunc)
1086 2413 1141 2443 alii
1174 2413 1216 2443 ad
1248 2413 1391 2443 insulam
1427 2412 1515 2444 Eub.

104 2475 122 2503 5
149 2472 373 2512 ellespontum
421 2471 452 2509 5,
483 2474 496 2502 l
527 2481 674 2502 ueroeam
726 2475 743 2501 2
772 2470 950 2502 uettiorum
978 2470 1050 2512 My.
1073 2470 1146 2502 Em.
1167 2470 1231 2502 611
1257 2469 1420 2511 (Niebuhr
1434 2470 1516 2501 Bot-

43 2535 46 2539 '
101 2529 246 2570 tiorum)
310 2529 342 2567 6,
371 2533 383 2560 l
414 2529 586 2569 regionem
613 2530 723 2560 sordei
751 2529 954 2560 commercio
988 2529 1182 2569 interruptis
1215 2529 1262 2559 ita
1295 2529 1402 2559 uideri
1427 2529 1517 2559 lace.-

102 2594 210 2619 ratam
250 2592 283 2619 et
306 2588 469 2628 lingeste‚
504 2586 659 2618 translato
685 2586 746 2618 huc
768 2597 859 2618 versu
884 2598 899 2618 e
924 2587 942 2627 ξ
969 2586 1003 2618 2.
1044 2587 1159 2629 (Gr-yn.
1186 2587 1312 2618 Eordei
1339 2592 1371 2617 et
1396 2587 1517 2618 Lince-

104 2650 173 2677 stae.
214 2645 390 2686 Lyncestae
417 2644 571 2685 Medius)

1551 1436 1571 1470 0!

1580 454 1633 499 30
