1753 2934
637 141 710 172 Lib.
736 141 927 172 xl--xltl
1375 144 1422 178 23

79 281 185 303 caesus
211 278 270 303 est.
322 271 432 310 Quum
459 283 478 304 a
495 273 684 304 Tarentinis
702 273 817 304 classis
833 274 983 304 Romanu
1009 273 1139 313 direpta
1165 278 1265 312 esset,
1292 272 1477 305 duumviro.

79 333 134 373 qui
161 340 299 374 praeerat
325 334 440 366 classi.
478 334 605 370 occiso,
643 334 744 373 legati
771 336 813 365 ad
840 344 896 365 cos
922 344 940 364 a
966 339 1100 370 senatu,
1139 340 1173 364 ut
1199 335 1239 364 dc
1264 333 1315 364 his
1351 334 1476 364 iniuriis

78 400 306 435 quererentur,
333 397 423 426 missi
450 396 571 437 pulsati
599 402 684 426 sunt.
735 395 785 426 Ob
813 396 843 426 id
871 395 995 426 bellum
1023 395 1068 426 cis
1095 395 1253 425 indictum
1273 401 1328 426 est.
1380 394 1478 425 Sum-

77 455 163 486 nites
195 455 394 487 defecerunt.
453 457 624 488 Adversus
663 466 719 487 eos
753 463 785 486 ct
810 456 964 487 Lucanos
1000 463 1033 487 ct
1064 456 1214 486 Bruttios
1248 462 1279 486 et
1317 455 1476 486 Etruscos

76 517 204 557 aliquot
236 518 361 558 proeliis
393 529 412 548 a
445 519 670 560 compluribus
700 518 841 548 ducibus
876 518 961 548 bene
995 522 1181 558 pugnatum
1214 524 1272 548 est.
1330 516 1477 557 Pyrrhus

77 578 289 618 Epirotarum
317 589 385 619 rex,
412 586 447 610 ut
469 580 629 610 auxilium
645 579 836 610 Tarentinis
855 577 965 618 ferret,
992 579 1025 609 in
1051 578 1183 609 Italiam
1211 579 1312 611 venit.
1365 576 1474 615 Quum

76 640 109 670 in
135 640 324 680 praesidium
352 641 556 679 Reginorum
590 641 677 680 legio
703 639 879 681 Campana
912 650 986 670 eum
1013 640 1169 680 praesecto
1195 639 1300 670 Decio
1327 639 1476 670 Vibellio

75 700 176 732 missa
202 706 300 739 esset,
328 701 446 732 occisis
473 701 610 741 Reginis
637 702 777 741 Regium
803 702 990 742 occupavit.

625 807 687 838 EX
713 808 799 839 LIB.
827 807 926 838 XIII.

168 883 323 914 Valerius
337 884 495 914 Laevinus
523 893 590 915 cos.
617 893 734 924 parum
760 893 917 925 prospere
943 883 1103 914 adversus
1116 883 1280 923 Pyrrhum
1303 880 1474 922 pugnavit.

74 945 330 986 elephantorum
365 945 508 974 maxime
541 945 699 974 inusitata
733 944 816 975 facie
844 945 966 975 territis
992 945 1162 975 militibus.
1217 944 1299 974 Post
1330 943 1361 973 id
1387 952 1474 983 proe-

71 1006 153 1037 lium
180 1016 280 1046 quum
309 1016 449 1047 corpora
475 1006 722 1045 Romanorum,
759 1006 813 1045 qui
847 1006 879 1036 in
904 1007 976 1036 acie
1004 1006 1210 1042 ceciderant,
1248 1004 1397 1045 Pyrrhus
1423 1004 1475 1033 in-

73 1066 222 1110 spiceret,
250 1068 362 1100 omnia
387 1077 481 1098 versa
495 1068 527 1097 in
547 1067 674 1097 hostem
702 1067 835 1097 invenit.
885 1067 1149 1108 Populabundus
1170 1075 1275 1106 usque
1295 1066 1337 1095 ad
1357 1065 1474 1095 urbem

72 1129 258 1160 Romanam
279 1129 450 1169 processit.
502 1128 537 1160 C.
551 1128 726 1159 Fabricius
753 1129 873 1160 missus
898 1130 939 1159 ad
966 1139 1040 1160 eum
1067 1138 1086 1159 a
1112 1135 1240 1166 senatu,
1267 1134 1303 1158 ut
1328 1128 1368 1158 de
1388 1127 1474 1157 redi-

72 1191 201 1222 mendis
232 1190 373 1231 captivis
407 1195 532 1229 ageret,
567 1189 701 1228 frustra,
738 1196 772 1220 ut
797 1190 938 1230 patriam
966 1190 1140 1228 desereret,
1177 1200 1197 1220 a
1222 1198 1299 1229 rege
1327 1194 1473 1219 tentatus

72 1256 130 1282 est.
181 1250 310 1292 Captivi
343 1251 414 1282 sine
449 1252 554 1292 pretio
588 1251 715 1282 remissi
752 1257 837 1282 sunt.
896 1250 1017 1282 Cineas
1051 1251 1183 1291 legatus
1215 1262 1235 1282 a
1270 1250 1398 1291 Pyrrho
1430 1250 1473 1279 ad

70 1319 222 1344 senatum
248 1315 369 1345 missus
395 1313 502 1354 petiit,
528 1318 563 1342 ut
589 1313 832 1353 componendae
858 1313 950 1353 pacis
985 1321 1086 1342 causa
1120 1322 1179 1343 rex
1213 1313 1247 1343 in
1279 1313 1395 1343 urbem
1422 1320 1473 1341 rc-

68 1375 245 1415 ciperetur.
296 1375 347 1406 De
373 1384 440 1415 qua
466 1384 500 1404 rc
519 1383 620 1414 quum
640 1374 680 1404 ad
696 1373 955 1415 frequentiorem
975 1380 1125 1404 senatum
1144 1373 1258 1404 referri
1278 1372 1472 1413 placuisset.

70 1436 159 1478 App.
192 1435 371 1474 Claudius,
411 1436 467 1475 qui
501 1441 637 1476 propter
669 1435 891 1465 valetudinem
925 1434 1098 1465 oculorum
1133 1435 1199 1465 iam
1234 1434 1290 1464 diu
1320 1433 1469 1465 consiliis

67 1498 210 1538 publicis
236 1507 270 1529 se.
297 1498 520 1534 abstinuerat,
555 1496 646 1527 venit
674 1497 707 1526 in
735 1496 858 1527 curiam
884 1502 915 1527 et
941 1497 1108 1527 sententia
1134 1505 1194 1526 sua
1220 1496 1341 1532 tenuit,
1377 1500 1413 1525 ut
1438 1495 1470 1525 id

66 1559 196 1599 Pyrrho
221 1565 409 1600 negaretur.
462 1558 522 1588 Cn.
543 1558 713 1588 Domitius
740 1567 856 1588 censor
881 1557 1006 1597 primus
1032 1567 1074 1588 ex
1097 1558 1196 1598 plebe
1221 1557 1362 1588 lustrum
1390 1566 1471 1587 eon-

67 1620 161 1651 didit.
211 1619 323 1652 censa
347 1626 425 1652 sunt
453 1620 573 1651 civium
593 1619 705 1660 capita
723 1608 988 1650 CC'ITXXXVH
1014 1617 1188 1652 CCXXII.
1253 1619 1378 1650 Iterum
1410 1619 1468 1648 ad-

66 1691 182 1713 versus
207 1682 371 1723 Pyrrhum
406 1682 508 1713 dubio
544 1686 664 1712 eventu
699 1687 885 1721 pugnatum
913 1687 973 1712 est.
1021 1679 1106 1712 Cum
1134 1679 1469 1721 Carthaginiensibus

66 1748 185 1782 quarto
218 1743 328 1774 foedus
366 1748 567 1774 renouatum
604 1749 664 1773 est.
724 1740 834 1779 Quum
861 1740 896 1773 C.
923 1742 1080 1774 Fabricio
1108 1743 1235 1774 consuli
1261 1743 1308 1779 is,
1345 1742 1400 1782 qui
1427 1740 1469 1771 ad

66 1814 139 1836 eum
161 1815 181 1836 a
197 1805 327 1846 Pyrrho
353 1805 591 1844 transfugerat,
616 1804 828 1845 polliceretur
851 1813 1016 1835 venenum
1042 1814 1076 1835 se
1103 1805 1172 1844 regi
1198 1805 1365 1841 daturum,
1393 1812 1469 1835 cum

65 1866 188 1897 indicio
227 1867 269 1897 ad
310 1876 424 1906 regem
465 1866 624 1897 remissus
661 1872 720 1896 est.
786 1866 852 1896 Res
887 1871 1048 1906 praeterea
1089 1872 1205 1897 eontra
1241 1866 1396 1897 Lucanos
1437 1870 1469 1895 et

64 1927 226 1965 Bruttios,
254 1927 422 1960 Samnites
449 1934 481 1958 et
505 1927 666 1958 Etruscos
692 1937 849 1968 prospere
875 1933 987 1967 gestas
1013 1927 1171 1958 continet.

614 2034 677 2065 EX
702 2034 789 2065 LIB.
816 2034 912 2065 XIV.

155 2109 304 2151 Pyrrhus
336 2111 370 2141 in
395 2109 545 2142 Siciliam
579 2111 717 2141 traiecit.
775 2109 885 2148 Quum
920 2111 1009 2142 inter
1041 2111 1108 2141 alia
1140 2110 1294 2151 prodigia
1326 2109 1468 2140 fulmine

64 2172 228 2203 deiectum
267 2178 355 2203 esset
379 2172 413 2203 in
441 2170 609 2214 Capitolio
635 2171 724 2203 Iovis
758 2173 907 2212 signum,
944 2178 1044 2213 caput
1076 2172 1146 2203 eius
1181 2182 1240 2213 per
1271 2171 1467 2212 haruspices

62 2233 234 2264 inventum
271 2239 332 2266 est.
391 2233 510 2265 Curius
546 2234 713 2265 Dentatus
751 2243 852 2274 quum
890 2234 1048 2265 dilectum
1085 2233 1245 2274 haberet,
1281 2233 1370 2272 eius,
1411 2232 1467 2274 qui

63 2295 185 2327 citatus
208 2305 277 2326 non
302 2295 531 2336 responderat,
557 2296 646 2327 bona
670 2296 798 2337 primus
822 2295 986 2334 vendidit3
1012 2297 1089 2326 item
1109 2294 1274 2337 Pyrrhum
1294 2304 1338 2325 ex
1351 2293 1468 2325 Sicilia

62 2357 96 2387 in
121 2352 253 2387 Italiam
281 2366 447 2388 reversum
473 2357 552 2388 vicit
586 2362 619 2388 et
643 2357 744 2388 Italia
776 2358 914 2399 expulit.
972 2357 1148 2389 Fabricius
1175 2367 1296 2388 censor
1320 2356 1357 2388 P.
1383 2355 1467 2387 Cor—

61 2416 186 2448 nelium
211 2417 369 2449 Rufinum
402 2419 611 2450 consularem
646 2425 764 2450 senatu
790 2420 910 2461 movit,
949 2420 1040 2461 quod
1068 2420 1096 2451 is
1128 2431 1152 2451 x
1186 2419 1317 2459 argenti
1352 2418 1467 2459 pondo

62 2477 142 2513 facti
167 2477 317 2511 haberet.
365 2479 491 2511 Lustro
525 2490 545 2511 a
578 2481 774 2513 censoribus
811 2481 946 2512 condito
972 2491 1074 2513 censa
1106 2487 1185 2513 sunt
1209 2481 1319 2522 capita
1344 2480 1467 2512 civium

63 2541 240 2575 CCLXXI
272 2539 498 2573 CCXXXIV.
558 2541 641 2573 Cum
673 2542 859 2575 Ptolemaeo
889 2543 1029 2584 AEgypti
1063 2552 1141 2583 rege
1175 2543 1319 2574 societas
1352 2543 1468 2574 iuncta

62 2609 122 2635 est.
173 2603 314 2635 Sextilia
338 2604 432 2643 virgo
447 2603 594 2636 Vestalis
619 2603 777 2635 damnata
802 2604 920 2636 incesti
945 2606 1020 2636 viva
1045 2604 1179 2636 defossa
1204 2611 1268 2636 est.
1320 2605 1465 2637 Coloniae

62 2664 214 2696 deductae
255 2670 334 2696 sunt
365 2664 551 2697 Posidonia
588 2671 621 2696 et
657 2664 756 2698 cosa.
814 2665 1143 2708 Carthaginiensium
1185 2667 1300 2698 classis
1339 2666 1466 2698 auxilio
