1796 2929
205 1157 250 1191 ¹0

204 1296 243 1331 11

204 1849 246 1884 13

352 129 422 164 162
703 126 805 156 Liber
830 125 957 156 XLIv.
1009 127 1069 166 (A.
1086 136 1116 158 u.
1133 135 1162 159 c.
1179 128 1274 163 585.)

288 248 556 285 summovisset
586 247 804 291 Romanos,
843 246 1128 283 Demetriadem
1160 247 1264 296 prius
1295 249 1444 284 occulto
1475 249 1609 285 itinere
1639 250 1697 286 in-

286 323 426 357 traret,
471 327 586 363 quam
631 315 680 350 ab
712 314 818 351 Iolco
857 316 906 351 ad
947 317 1078 352 urbem
1119 324 1247 353 castra
1286 325 1484 354 moverent
1521 319 1695 355 Romani.

286 387 336 422 Et
376 386 423 420 ab
465 384 798 432 oppugnatoribus
828 385 1036 429 Meliboeae,
1086 398 1170 422 cum
1221 387 1258 423 in
1304 387 1564 436 superioribus
1605 385 1697 421 locis

285 461 440 502 repente
472 453 726 501 apparuisset,
758 466 841 491 eum
873 455 1128 503 trepidatione
1159 455 1279 492 multa
1307 456 1438 492 relicta
1461 469 1579 505 opera
1599 462 1698 492 Sunt.

285 524 446 570 (quisque
476 523 647 559 iniectus.
718 524 780 560 Ita
810 536 833 560 a
865 525 1046 562 Meliboea
1076 526 1294 562 abscessum
1327 533 1393 562 est.
1453 527 1697 575 Euphranor.

283 592 410 628 soluta
453 592 563 628 unius
607 593 711 629 urbis
751 593 970 634 obsidione,
1015 595 1302 632 Demetriadem
1345 596 1537 644 extemplo
1582 595 1694 631 ducit.

283 663 408 699 Nocte
439 662 579 698 moenia
609 664 629 684 ⁵⁸⁵
652 663 673 684 *
709 663 836 703 modo.
866 663 931 699 sed
964 675 1078 711 agros
1108 665 1222 700 etiam
1255 665 1488 701 confiderent
1516 676 1557 700 se
1587 677 1608 700 a
1629 676 1698 712 po-

283 732 541 782 pulationibus
578 732 674 768 tueri
712 744 844 780 posse3
889 739 924 768 et
966 733 1185 781 eruptiones
1222 735 1258 770 in
1299 747 1421 783 vagos
1452 734 1698 782 populatores

285 815 359 838 non
391 802 471 838 sine
502 801 722 837 volneribus
752 802 917 838 hostium
952 801 1063 838 factae
1093 809 1192 840 sunt.
1273 802 1527 840 circumvecti
1570 810 1696 839 tamen

283 872 421 908 moenia
453 877 540 907 sunt
570 878 710 919 praetor
741 878 776 907 et
807 884 902 916 rex,
928 872 1040 908 situm
1073 873 1178 909 urbis
1208 874 1530 922 contemplantes,
1559 873 1590 909 si
1622 884 1697 920 qua

282 948 391 990 parte
436 947 624 988 temptare
669 947 735 976 aut
779 953 895 988 opere
939 948 1005 977 aut
1046 942 1083 978 vi
1115 950 1280 990 possent.
1347 943 1470 979 Fama
1500 942 1590 985 fuit,
1630 953 1698 990 per

285 1010 499 1059 Cydantem
533 1009 754 1046 Cretensem
789 1017 826 1045 et
845 1011 1132 1055 Antimachum.
1166 1012 1229 1060 qui
1254 1011 1490 1048 Demetriadi
1521 1017 1697 1060 praeerat„

281 1086 466 1116 tractatas
498 1080 595 1116 inter
629 1080 825 1116 Eumenen
858 1087 892 1115 et
929 1081 1072 1116 Persea
1107 1081 1349 1118 condiciones
1380 1081 1567 1118 amicitiae.
1631 1081 1696 1118 Ab

284 1149 534 1186 Demetriade
568 1157 670 1185 certe
703 1150 922 1185 abscessum
955 1156 1022 1186 est.
1080 1151 1273 1187 Eumenes
1314 1151 1361 1187 ad
1396 1151 1595 1187 consulem
1628 1163 1695 1186 na-

282 1220 406 1267 vigat3
446 1218 683 1267 gratulatus.
717 1218 819 1266 quod
852 1231 1034 1267 prospere
1068 1219 1338 1257 Macedoniam
1370 1221 1570 1263 intrasset.
1601 1221 1695 1256 Per-

281 1302 436 1338 gamum
469 1289 505 1325 in
537 1301 697 1336 regnum
734 1288 825 1324 abit.
878 1288 1047 1324 Marcius
1079 1290 1240 1338 Figulus
1270 1298 1424 1339 praetor.
1457 1296 1566 1338 parte
1596 1289 1694 1325 clas-

279 1360 331 1396 sis
362 1359 397 1395 in
432 1359 592 1395 hiberna
622 1357 819 1395 Sciathum
853 1357 991 1401 missa,
1036 1370 1120 1394 cum
1163 1357 1320 1405 reliquis
1356 1359 1520 1394 navibus
1550 1358 1692 1395 Oreum

279 1430 438 1466 Euboeae
471 1427 577 1476 petit,
609 1439 691 1463 eam
728 1427 859 1463 urbem
892 1427 1130 1475 aptissimam
1162 1434 1290 1471 ratus,
1321 1428 1420 1463 unde
1452 1427 1692 1472 exercitibus.

281 1499 343 1547 qui
375 1499 411 1534 in
444 1496 675 1533 Macedonia
705 1497 847 1545 quique
877 1497 912 1532 in
945 1496 1149 1533 Thessalia
1178 1503 1299 1540 erant,
1331 1497 1427 1532 mitti
1459 1502 1694 1532 commeatus

280 1574 448 1617 possent.
528 1567 589 1602 De
620 1566 792 1602 Eumene
829 1578 919 1614 rege
957 1566 1070 1614 louge
1108 1566 1261 1602 diversa
1304 1567 1372 1602 alie·
1406 1566 1572 1602 tradunt.
1652 1566 1692 1603 Si

281 1637 438 1674 Valerio
470 1635 619 1673 Antiati
659 1635 817 1680 credas,
861 1647 929 1672 nee
967 1636 1089 1672 classe
1128 1635 1298 1671 adiutum
1333 1636 1381 1671 ab
1413 1648 1457 1672 eo
1491 1642 1692 1684 praetorem

279 1720 373 1745 esse.
404 1719 488 1742 cum
521 1717 623 1753 saepe
653 1718 737 1741 eum
770 1705 904 1741 litteris
926 1705 1162 1744 accersisset.
1193 1705 1322 1748 tradit,
1352 1717 1421 1741 nec
1451 1717 1536 1741 cum
1567 1705 1692 1753 gratia

279 1778 327 1814 ab
359 1776 515 1813 consule
544 1774 758 1823 profectum
792 1776 828 1810 in
862 1774 1009 1817 Asiam.
1042 1774 1302 1822 indignatum,
1333 1774 1531 1822 quod.‚.ut
1558 1774 1691 1810 iisdem

280 1845 415 1883 castris
446 1844 628 1881 tenderet.
660 1844 885 1892 permissum
927 1856 1002 1880 non
1034 1843 1167 1887 suerit3
1204 1855 1252 1879 ne
1291 1850 1333 1879 ut
1362 1844 1509 1891 equites
1539 1844 1690 1892 quidem

280 1916 441 1959 Gallos,
473 1925 569 1962 quos
600 1925 727 1949 seeum
760 1913 994 1950 adduxerat.
1029 1914 1280 1961 relinqueret.
1318 1913 1515 1962 impetrari
1555 1913 1604 1950 ab
1647 1925 1692 1950 eo

277 2084 309 2115 6.
342 2086 352 2113 l
384 2080 555 2112 moeliboea
588 2079 698 2110 locum
726 2078 758 2108 in
818 2081 835 2108 2
863 2086 940 2110 sunt
967 2079 1109 2109 iniectus
1159 2078 1250 2109 Fieri
1276 2084 1395 2120 potest,
1423 2084 1454 2109 ue
1474 2077 1571 2119 plura
1598 2079 1693 2109 verba

277 2150 449 2182 exciderint
475 2153 494 2181 3
521 2137 738 2179 abmoeliboea
810 2145 840 2179 7.
867 2150 879 2177 l
912 2148 1085 2187 euphanor
1133 2151 1152 2178 3
1179 2147 1416 2178 noctemuenia
1441 2148 1543 2178 modo
1569 2146 1689 2188 (Gryn.

279 2218 339 2239 nce
369 2214 438 2238 tum
466 2206 593 2238 moenia
608 2204 725 2244 modo)
747 2203 912 2235 Lacunam
932 2204 1052 2234 notavit
1066 2203 1309 2235 Forchhammer
1334 2210 1364 2235 et
1386 2204 1431 2235 sic
1445 2205 1522 2244 fere
1545 2202 1691 2244 supplen-

279 2264 352 2296 dam
380 2263 549 2295 intellexit.-
575 2262 684 2294 Nocte
703 2262 827 2293 moenin.
851 2262 955 2292 inti-nt
980 2267 1176 2302 tantamque
1202 2263 1348 2293 adventu
1375 2271 1436 2293 suo
1462 2261 1582 2292 incolis
1607 2260 1690 2291 fidu-

278 2335 363 2364 ciam
403 2332 498 2367 fecit,
537 2337 574 2362 ut
601 2341 666 2361 non
706 2330 831 2361 moenia
857 2329 957 2360 modo
983 2329 1056 2361 Em.
1083 2329 1159 2361 56⁴7
1181 2331 1186 2369 Ι
1209 2317 1425 2370 Βρᾱέιιςξςνοε
1447 2330 1451 2368 Ι
1482 2329 1693 2361 confiderunt

281 2389 417 2420 Foa-chh.
489 2393 507 2419 4
544 2393 576 2420 et
607 2387 850 2419 eruditionibus
883 2387 916 2417 in
952 2396 1059 2426 uagos
1122 2390 1140 2418 5
1175 2388 1244 2418 noti
1280 2389 1351 2418 sine
1418 2387 1457 2424 8,
1498 2390 1511 2418 l
1549 2387 1690 2418 circum-

279 2446 509 2489 iwctisitanien
561 2461 579 2488 2
607 2444 788 2487 rexesitum
810 2455 816 2493 1
839 2443 951 2486 urbeis
1015 2459 1035 2486 3
1056 2464 1155 2496 posse
1220 2456 1258 2493 9,
1295 2460 1314 2487 2
1353 2443 1522 2497 cytantem
1553 2466 1653 2496 supra
1678 2443 1692 2485 t

277 2517 392 2556 scripto
418 2515 437 2545 d
460 2513 466 2554 Ι
488 2515 662 2544 demeti-idi
729 2516 748 2544 3
775 2522 893 2554 persae
956 2511 1018 2549 11,
1047 2515 1066 2544 2
1100 2512 1241 2544 sciatum
1265 2515 1271 2554 Ι
1293 2523 1407 2544 orcum
1443 2513 1563 2544 boetiae
1592 2513 1688 2544 Gron.

278 2577 298 2604 3
331 2571 578 2611 ιιι·δοωῖυι·1)οπι
646 2575 664 2601 4
692 2571 772 2611 quia
796 2571 829 2600 in
853 2571 858 2610 Ι
881 2569 1017 2601 tessalin
1065 2569 1120 2606 12,
1154 2573 1166 2601 1
1201 2571 1335 2602 diuersa
1359 2571 1495 2601 tradunt
1522 2569 1592 2611 Mq.
1615 2569 1688 2600 Em.

278 2628 353 2659 :31³7
404 2633 421 2660 2
449 2628 570 2659 antiae?
624 2632 641 2657 4
668 2628 774 2659 isdem
828 2630 845 2658 5
874 2627 1025 2658 tendcset
1073 2626 1126 2659 13.
1155 2631 1173 2659 2
1201 2628 1389 2658 adduxerat
1414 2627 1595 2667 reliquerat
