<?xml version="1.0" encoding="UTF-8"?>
<!DOCTYPE html PUBLIC "-//W3C//DTD XHTML 1.0 Transitional//EN"
    "http://www.w3.org/TR/xhtml1/DTD/xhtml1-transitional.dtd">
<html xmlns="http://www.w3.org/1999/xhtml" xml:lang="en" lang="en">
 <head>
  <title>
</title>
<meta http-equiv="Content-Type" content="text/html;charset=utf-8" />
  <meta name='ocr-system' content='tesseract 3.04.00' />
  <meta name='ocr-capabilities' content='ocr_page ocr_carea ocr_par ocr_line ocrx_word'/>
</head>
<body>
  <div class='ocr_page' id='page_1' title='image "./p1historiarumrom04livyuoft_0296.png"; bbox 0 0 1753 2934; ppageno 0'>
   <div class='ocr_carea' id='block_1_1' title="bbox 162 354 207 387">
    <p class='ocr_par' dir='ltr' id='par_1_1' title="bbox 162 354 207 387">
     <span class='ocr_line' id='line_1_1' title="bbox 162 354 207 387; baseline 0 0"><span class='ocrx_word' id='word_1_1' title='bbox 162 354 207 387; x_wconf 76' lang='lat'>14</span> 
     </span>
    </p>
   </div>
   <div class='ocr_carea' id='block_1_2' title="bbox 129 698 180 744">
    <p class='ocr_par' dir='ltr' id='par_1_2' title="bbox 129 698 180 744">
     <span class='ocr_line' id='line_1_2' title="bbox 129 698 180 744; baseline 0.02 -1"><span class='ocrx_word' id='word_1_2' title='bbox 129 698 180 744; x_wconf 79' lang='lat'>39</span> 
     </span>
    </p>
   </div>
   <div class='ocr_carea' id='block_1_3' title="bbox 293 162 1246 203">
    <p class='ocr_par' dir='ltr' id='par_1_3' title="bbox 293 162 1246 203">
     <span class='ocr_line' id='line_1_3' title="bbox 293 162 1246 203; baseline -0.013 0"><span class='ocrx_word' id='word_1_3' title='bbox 293 167 370 203; x_wconf 83' lang='lat'>262</span> <span class='ocrx_word' id='word_1_4' title='bbox 640 164 741 194; x_wconf 82' lang='lat' dir='ltr'>Liber</span> <span class='ocrx_word' id='word_1_5' title='bbox 768 162 875 193; x_wconf 78' lang='lat' dir='ltr'><strong>XLV.</strong></span> <span class='ocrx_word' id='word_1_6' title='bbox 943 162 1005 202; x_wconf 58' lang='lat' dir='ltr'>(A.</span> <span class='ocrx_word' id='word_1_7' title='bbox 1035 172 1064 192; x_wconf 91' lang='lat' dir='ltr'>u.</span> <span class='ocrx_word' id='word_1_8' title='bbox 1093 172 1120 192; x_wconf 84' lang='lat' dir='ltr'>c.</span> <span class='ocrx_word' id='word_1_9' title='bbox 1151 162 1246 196; x_wconf 59' lang='lat'>587.)</span> 
     </span>
    </p>
   </div>
   <div class='ocr_carea' id='block_1_4' title="bbox 237 283 1660 2078">
    <p class='ocr_par' dir='ltr' id='par_1_4' title="bbox 237 283 1660 2078">
     <span class='ocr_line' id='line_1_4' title="bbox 237 283 1651 332; baseline -0.004 -8"><span class='ocrx_word' id='word_1_10' title='bbox 237 294 364 324; x_wconf 87' lang='lat' dir='ltr'>tamen</span> <span class='ocrx_word' id='word_1_11' title='bbox 395 293 473 321; x_wconf 89' lang='lat' dir='ltr'>tum</span> <span class='ocrx_word' id='word_1_12' title='bbox 506 296 659 332; x_wconf 88' lang='lat' dir='ltr'>quoque</span> <span class='ocrx_word' id='word_1_13' title='bbox 689 295 729 319; x_wconf 87' lang='lat' dir='ltr'>se</span> <span class='ocrx_word' id='word_1_14' title='bbox 761 284 950 327; x_wconf 66' lang='lat' dir='ltr'>absentes,</span> <span class='ocrx_word' id='word_1_15' title='bbox 982 283 1084 331; x_wconf 90' lang='lat' dir='ltr'>quod</span> <span class='ocrx_word' id='word_1_16' title='bbox 1115 283 1193 319; x_wconf 86' lang='lat' dir='ltr'>suis</span> <span class='ocrx_word' id='word_1_17' title='bbox 1224 283 1400 318; x_wconf 85' lang='lat' dir='ltr'>manibus</span> <span class='ocrx_word' id='word_1_18' title='bbox 1429 288 1542 331; x_wconf 83' lang='lat' dir='ltr'>parta</span> <span class='ocrx_word' id='word_1_19' title='bbox 1571 283 1651 320; x_wconf 84' lang='lat' dir='ltr'>vic-</span> 
     </span>
     <span class='ocr_line' id='line_1_5' title="bbox 240 351 1650 402; baseline -0.003 -9"><span class='ocrx_word' id='word_1_20' title='bbox 240 356 338 393; x_wconf 76' lang='lat' dir='ltr'>toria</span> <span class='ocrx_word' id='word_1_21' title='bbox 368 356 428 400; x_wconf 82' lang='lat' dir='ltr'>sit,</span> <span class='ocrx_word' id='word_1_22' title='bbox 459 354 695 402; x_wconf 81' lang='lat' dir='ltr'>triumphare</span> <span class='ocrx_word' id='word_1_23' title='bbox 727 353 895 390; x_wconf 86' lang='lat' dir='ltr'>credunt.</span> <span class='ocrx_word' id='word_1_24' title='bbox 955 353 996 391; x_wconf 75' lang='lat' dir='ltr'>Si</span> <span class='ocrx_word' id='word_1_25' title='bbox 1028 351 1111 401; x_wconf 87' lang='lat' dir='ltr'>quis</span> <span class='ocrx_word' id='word_1_26' title='bbox 1143 364 1212 388; x_wconf 81' lang='lat' dir='ltr'>vos</span> <span class='ocrx_word' id='word_1_27' title='bbox 1242 352 1470 400; x_wconf 70' lang='lat' dir='ltr'>interroget,</span> <span class='ocrx_word' id='word_1_28' title='bbox 1503 352 1650 397; x_wconf 71' lang='lat' dir='ltr'>milites,</span> 
     </span>
     <span class='ocr_line' id='line_1_6' title="bbox 239 421 1653 473; baseline -0.003 -11"><span class='ocrx_word' id='word_1_29' title='bbox 239 426 287 462; x_wconf 76' lang='lat' dir='ltr'>ad</span> <span class='ocrx_word' id='word_1_30' title='bbox 328 438 442 473; x_wconf 89' lang='lat' dir='ltr'>quam</span> <span class='ocrx_word' id='word_1_31' title='bbox 480 437 558 461; x_wconf 90' lang='lat' dir='ltr'>rem</span> <span class='ocrx_word' id='word_1_32' title='bbox 598 424 635 460; x_wconf 93' lang='lat' dir='ltr'>in</span> <span class='ocrx_word' id='word_1_33' title='bbox 675 423 827 460; x_wconf 83' lang='lat' dir='ltr'>Italiam</span> <span class='ocrx_word' id='word_1_34' title='bbox 869 422 1059 470; x_wconf 81' lang='lat' dir='ltr'>deportati</span> <span class='ocrx_word' id='word_1_35' title='bbox 1097 427 1133 457; x_wconf 82' lang='lat' dir='ltr'>et</span> <span class='ocrx_word' id='word_1_36' title='bbox 1175 434 1249 457; x_wconf 86' lang='lat' dir='ltr'>non</span> <span class='ocrx_word' id='word_1_37' title='bbox 1291 421 1441 465; x_wconf 77' lang='lat' dir='ltr'>statim,</span> <span class='ocrx_word' id='word_1_38' title='bbox 1479 421 1653 458; x_wconf 79' lang='lat' dir='ltr'>confecta</span> 
     </span>
     <span class='ocr_line' id='line_1_7' title="bbox 238 491 1653 545; baseline -0.004 -13"><span class='ocrx_word' id='word_1_39' title='bbox 238 495 450 545; x_wconf 65' lang='lat' dir='ltr'>provincia,</span> <span class='ocrx_word' id='word_1_40' title='bbox 481 495 626 530; x_wconf 80' lang='lat' dir='ltr'>dimissi</span> <span class='ocrx_word' id='word_1_41' title='bbox 656 494 750 534; x_wconf 75' lang='lat' dir='ltr'>sitis,</span> <span class='ocrx_word' id='word_1_42' title='bbox 782 492 872 541; x_wconf 93' lang='lat' dir='ltr'>quid</span> <span class='ocrx_word' id='word_1_43' title='bbox 903 493 1066 529; x_wconf 77' lang='lat' dir='ltr'>Romam</span> <span class='ocrx_word' id='word_1_44' title='bbox 1098 491 1317 539; x_wconf 85' lang='lat' dir='ltr'>frequentes</span> <span class='ocrx_word' id='word_1_45' title='bbox 1347 491 1417 527; x_wconf 86' lang='lat' dir='ltr'>sub</span> <span class='ocrx_word' id='word_1_46' title='bbox 1447 491 1564 539; x_wconf 84' lang='lat' dir='ltr'>signis</span> <span class='ocrx_word' id='word_1_47' title='bbox 1586 504 1653 527; x_wconf 87' lang='lat' dir='ltr'>ve-</span> 
     </span>
     <span class='ocr_line' id='line_1_8' title="bbox 238 561 1653 612; baseline -0.002 -11"><span class='ocrx_word' id='word_1_48' title='bbox 238 565 382 609; x_wconf 77' lang='lat' dir='ltr'>neritis,</span> <span class='ocrx_word' id='word_1_49' title='bbox 412 564 501 612; x_wconf 88' lang='lat' dir='ltr'>quid</span> <span class='ocrx_word' id='word_1_50' title='bbox 534 563 732 600; x_wconf 78' lang='lat' dir='ltr'>moremini</span> <span class='ocrx_word' id='word_1_51' title='bbox 763 562 823 598; x_wconf 87' lang='lat' dir='ltr'>hic</span> <span class='ocrx_word' id='word_1_52' title='bbox 855 568 889 598; x_wconf 91' lang='lat' dir='ltr'>ct</span> <span class='ocrx_word' id='word_1_53' title='bbox 920 574 995 597; x_wconf 87' lang='lat' dir='ltr'>nou</span> <span class='ocrx_word' id='word_1_54' title='bbox 1026 561 1166 597; x_wconf 79' lang='lat' dir='ltr'>diversi</span> <span class='ocrx_word' id='word_1_55' title='bbox 1207 562 1341 597; x_wconf 86' lang='lat' dir='ltr'>domos</span> <span class='ocrx_word' id='word_1_56' title='bbox 1373 562 1533 609; x_wconf 87' lang='lat' dir='ltr'>quisque</span> <span class='ocrx_word' id='word_1_57' title='bbox 1563 562 1653 598; x_wconf 82' lang='lat' dir='ltr'>abe-</span> 
     </span>
     <span class='ocr_line' id='line_1_9' title="bbox 239 631 1654 682; baseline -0.002 -11"><span class='ocrx_word' id='word_1_58' title='bbox 239 635 312 671; x_wconf 87' lang='lat' dir='ltr'>atis</span> <span class='ocrx_word' id='word_1_59' title='bbox 343 642 509 677; x_wconf 72' lang='lat' dir='ltr'>vestrae,</span> <span class='ocrx_word' id='word_1_60' title='bbox 552 634 642 682; x_wconf 90' lang='lat' dir='ltr'>quid</span> <span class='ocrx_word' id='word_1_61' title='bbox 674 633 776 669; x_wconf 86' lang='lat' dir='ltr'>aliud</span> <span class='ocrx_word' id='word_1_62' title='bbox 807 631 1090 679; x_wconf 55' lang='lat' dir='ltr'>respondeatis7</span> <span class='ocrx_word' id='word_1_63' title='bbox 1132 642 1247 677; x_wconf 82' lang='lat' dir='ltr'>quam</span> <span class='ocrx_word' id='word_1_64' title='bbox 1278 642 1348 666; x_wconf 81' lang='lat' dir='ltr'>vos</span> <span class='ocrx_word' id='word_1_65' title='bbox 1378 631 1654 679; x_wconf 82' lang='lat' dir='ltr'>triumphantes</span> 
     </span>
     <span class='ocr_line' id='line_1_10' title="bbox 240 700 1653 748; baseline -0.001 -8"><span class='ocrx_word' id='word_1_66' title='bbox 240 705 359 740; x_wconf 88' lang='lat' dir='ltr'>videri</span> <span class='ocrx_word' id='word_1_67' title='bbox 404 703 528 740; x_wconf 79' lang='lat' dir='ltr'>velle?</span> <span class='ocrx_word' id='word_1_68' title='bbox 591 703 674 738; x_wconf 82' lang='lat' dir='ltr'>Vos</span> <span class='ocrx_word' id='word_1_69' title='bbox 722 709 824 738; x_wconf 87' lang='lat' dir='ltr'>certe</span> <span class='ocrx_word' id='word_1_70' title='bbox 868 701 1033 737; x_wconf 84' lang='lat' dir='ltr'>victores</span> <span class='ocrx_word' id='word_1_71' title='bbox 1083 700 1252 748; x_wconf 75' lang='lat' dir='ltr'>conspici</span> <span class='ocrx_word' id='word_1_72' title='bbox 1303 700 1400 736; x_wconf 77' lang='lat' dir='ltr'>velle</span> <span class='ocrx_word' id='word_1_73' title='bbox 1444 701 1653 740; x_wconf 84' lang='lat' dir='ltr'>debebatis.</span> 
     </span>
     <span class='ocr_line' id='line_1_11' title="bbox 239 770 1654 822; baseline -0.002 -11"><span class='ocrx_word' id='word_1_74' title='bbox 239 775 536 822; x_wconf 85' lang='lat' dir='ltr'>Triumphatum</span> <span class='ocrx_word' id='word_1_75' title='bbox 568 785 690 821; x_wconf 86' lang='lat' dir='ltr'>nuper</span> <span class='ocrx_word' id='word_1_76' title='bbox 722 772 769 807; x_wconf 86' lang='lat' dir='ltr'>de</span> <span class='ocrx_word' id='word_1_77' title='bbox 800 771 1000 818; x_wconf 77' lang='lat' dir='ltr'>Philippo.</span> <span class='ocrx_word' id='word_1_78' title='bbox 1032 776 1140 818; x_wconf 86' lang='lat' dir='ltr'>patre</span> <span class='ocrx_word' id='word_1_79' title='bbox 1174 770 1297 805; x_wconf 84' lang='lat' dir='ltr'>huius.</span> <span class='ocrx_word' id='word_1_80' title='bbox 1332 777 1366 806; x_wconf 91' lang='lat' dir='ltr'>et</span> <span class='ocrx_word' id='word_1_81' title='bbox 1398 770 1444 806; x_wconf 85' lang='lat' dir='ltr'>de</span> <span class='ocrx_word' id='word_1_82' title='bbox 1461 771 1654 808; x_wconf 74' lang='lat' dir='ltr'>Antiocho</span> 
     </span>
     <span class='ocr_line' id='line_1_12' title="bbox 240 840 1656 891; baseline -0.002 -11"><span class='ocrx_word' id='word_1_83' title='bbox 240 851 318 887; x_wconf 89' lang='lat' dir='ltr'>est;</span> <span class='ocrx_word' id='word_1_84' title='bbox 367 844 481 879; x_wconf 84' lang='lat' dir='ltr'>ambo</span> <span class='ocrx_word' id='word_1_85' title='bbox 512 843 748 891; x_wconf 80' lang='lat' dir='ltr'>regnabant,</span> <span class='ocrx_word' id='word_1_86' title='bbox 791 854 874 877; x_wconf 82' lang='lat' dir='ltr'>cum</span> <span class='ocrx_word' id='word_1_87' title='bbox 906 841 952 876; x_wconf 89' lang='lat' dir='ltr'>de</span> <span class='ocrx_word' id='word_1_88' title='bbox 982 841 1027 876; x_wconf 87' lang='lat' dir='ltr'>iis</span> <span class='ocrx_word' id='word_1_89' title='bbox 1058 840 1332 888; x_wconf 88' lang='lat' dir='ltr'>triumphatum</span> <span class='ocrx_word' id='word_1_90' title='bbox 1365 847 1439 883; x_wconf 78' lang='lat' dir='ltr'>est3</span> <span class='ocrx_word' id='word_1_91' title='bbox 1484 840 1530 876; x_wconf 91' lang='lat' dir='ltr'>de</span> <span class='ocrx_word' id='word_1_92' title='bbox 1560 841 1656 877; x_wconf 88' lang='lat' dir='ltr'>Per-</span> 
     </span>
     <span class='ocr_line' id='line_1_13' title="bbox 240 909 1655 962; baseline -0.003 -13"><span class='ocrx_word' id='word_1_93' title='bbox 240 926 305 950; x_wconf 85' lang='lat' dir='ltr'>seo</span> <span class='ocrx_word' id='word_1_94' title='bbox 337 921 470 962; x_wconf 82' lang='lat' dir='ltr'>capt0.</span> <span class='ocrx_word' id='word_1_95' title='bbox 501 913 538 948; x_wconf 89' lang='lat' dir='ltr'>in</span> <span class='ocrx_word' id='word_1_96' title='bbox 571 913 700 948; x_wconf 80' lang='lat' dir='ltr'>urbem</span> <span class='ocrx_word' id='word_1_97' title='bbox 734 924 817 947; x_wconf 88' lang='lat' dir='ltr'>cum</span> <span class='ocrx_word' id='word_1_98' title='bbox 850 911 978 947; x_wconf 84' lang='lat' dir='ltr'>liberis</span> <span class='ocrx_word' id='word_1_99' title='bbox 1011 909 1196 953; x_wconf 64' lang='lat' dir='ltr'>abducto,</span> <span class='ocrx_word' id='word_1_100' title='bbox 1228 922 1302 945; x_wconf 88' lang='lat' dir='ltr'>nou</span> <span class='ocrx_word' id='word_1_101' title='bbox 1334 909 1655 958; x_wconf 78' lang='lat' dir='ltr'>triumphabitur?</span> 
     </span>
     <span class='ocr_line' id='line_1_14' title="bbox 241 979 1656 1031; baseline -0.004 -12"><span class='ocrx_word' id='word_1_102' title='bbox 241 983 354 1031; x_wconf 84' lang='lat' dir='ltr'>Quod</span> <span class='ocrx_word' id='word_1_103' title='bbox 385 983 416 1018; x_wconf 88' lang='lat' dir='ltr'>si</span> <span class='ocrx_word' id='word_1_104' title='bbox 446 983 483 1018; x_wconf 91' lang='lat' dir='ltr'>in</span> <span class='ocrx_word' id='word_1_105' title='bbox 507 995 619 1018; x_wconf 85' lang='lat' dir='ltr'>curru</span> <span class='ocrx_word' id='word_1_106' title='bbox 641 982 867 1017; x_wconf 79' lang='lat' dir='ltr'>scandentes</span> <span class='ocrx_word' id='word_1_107' title='bbox 889 979 1135 1029; x_wconf 71' lang='lat' dir='ltr'>Capitolium,</span> <span class='ocrx_word' id='word_1_108' title='bbox 1159 987 1315 1015; x_wconf 79' lang='lat' dir='ltr'>auratos</span> <span class='ocrx_word' id='word_1_109' title='bbox 1337 987 1656 1028; x_wconf 77' lang='lat' dir='ltr'>purpuratosque,</span> 
     </span>
     <span class='ocr_line' id='line_1_15' title="bbox 240 1049 1658 1097; baseline -0.004 -8"><span class='ocrx_word' id='word_1_110' title='bbox 240 1065 288 1089; x_wconf 83' lang='lat' dir='ltr'>ex</span> <span class='ocrx_word' id='word_1_111' title='bbox 318 1052 498 1088; x_wconf 84' lang='lat' dir='ltr'>inferiore</span> <span class='ocrx_word' id='word_1_112' title='bbox 527 1052 612 1089; x_wconf 86' lang='lat' dir='ltr'>loco</span> <span class='ocrx_word' id='word_1_113' title='bbox 646 1053 688 1088; x_wconf 94' lang='lat' dir='ltr'>L.</span> <span class='ocrx_word' id='word_1_114' title='bbox 722 1051 867 1088; x_wconf 86' lang='lat' dir='ltr'>Paulus</span> <span class='ocrx_word' id='word_1_115' title='bbox 898 1051 934 1087; x_wconf 92' lang='lat' dir='ltr'>in</span> <span class='ocrx_word' id='word_1_116' title='bbox 967 1051 1078 1086; x_wconf 83' lang='lat' dir='ltr'>turba</span> <span class='ocrx_word' id='word_1_117' title='bbox 1109 1057 1325 1097; x_wconf 83' lang='lat' dir='ltr'>togatorum</span> <span class='ocrx_word' id='word_1_118' title='bbox 1358 1061 1455 1086; x_wconf 87' lang='lat' dir='ltr'>unus</span> <span class='ocrx_word' id='word_1_119' title='bbox 1485 1049 1658 1097; x_wconf 79' lang='lat' dir='ltr'>privatus</span> 
     </span>
     <span class='ocr_line' id='line_1_16' title="bbox 239 1119 1657 1173; baseline -0.003 -15"><span class='ocrx_word' id='word_1_120' title='bbox 239 1123 467 1170; x_wconf 88' lang='lat' dir='ltr'>interroget:</span> <span class='ocrx_word' id='word_1_121' title='bbox 500 1123 567 1171; x_wconf 78' lang='lat' dir='ltr'>„L</span> <span class='ocrx_word' id='word_1_122' title='bbox 592 1121 717 1173; x_wconf 62' lang='lat' dir='ltr'>Anici,</span> <span class='ocrx_word' id='word_1_123' title='bbox 740 1120 809 1157; x_wconf 79' lang='lat' dir='ltr'>Cn.</span> <span class='ocrx_word' id='word_1_124' title='bbox 832 1119 984 1156; x_wconf 76' lang='lat' dir='ltr'>Octavi.</span> <span class='ocrx_word' id='word_1_125' title='bbox 1003 1127 1127 1155; x_wconf 91' lang='lat' dir='ltr'>utrum</span> <span class='ocrx_word' id='word_1_126' title='bbox 1146 1132 1214 1155; x_wconf 82' lang='lat' dir='ltr'>vos</span> <span class='ocrx_word' id='word_1_127' title='bbox 1246 1120 1439 1168; x_wconf 85' lang='lat' dir='ltr'>digniores</span> <span class='ocrx_word' id='word_1_128' title='bbox 1465 1119 1657 1167; x_wconf 82' lang='lat' dir='ltr'>triumpho</span> 
     </span>
     <span class='ocr_line' id='line_1_17' title="bbox 241 1188 1658 1238; baseline -0.004 -10"><span class='ocrx_word' id='word_1_129' title='bbox 241 1204 324 1228; x_wconf 87' lang='lat' dir='ltr'>esse</span> <span class='ocrx_word' id='word_1_130' title='bbox 341 1205 388 1228; x_wconf 84' lang='lat' dir='ltr'>an</span> <span class='ocrx_word' id='word_1_131' title='bbox 411 1205 470 1228; x_wconf 81' lang='lat' dir='ltr'>me</span> <span class='ocrx_word' id='word_1_132' title='bbox 491 1190 718 1235; x_wconf 70' lang='lat' dir='ltr'>censetis?·‘‚</span> <span class='ocrx_word' id='word_1_133' title='bbox 749 1202 860 1227; x_wconf 86' lang='lat' dir='ltr'>curru</span> <span class='ocrx_word' id='word_1_134' title='bbox 891 1189 1107 1225; x_wconf 78' lang='lat' dir='ltr'>descensuri</span> <span class='ocrx_word' id='word_1_135' title='bbox 1142 1195 1176 1225; x_wconf 85' lang='lat' dir='ltr'>et</span> <span class='ocrx_word' id='word_1_136' title='bbox 1205 1201 1282 1237; x_wconf 80' lang='lat' dir='ltr'>prae</span> <span class='ocrx_word' id='word_1_137' title='bbox 1315 1190 1461 1238; x_wconf 87' lang='lat' dir='ltr'>pudore</span> <span class='ocrx_word' id='word_1_138' title='bbox 1482 1188 1658 1224; x_wconf 79' lang='lat' dir='ltr'>videntur</span> 
     </span>
     <span class='ocr_line' id='line_1_18' title="bbox 241 1251 1659 1310; baseline -0.004 -12"><span class='ocrx_word' id='word_1_139' title='bbox 241 1262 404 1310; x_wconf 85' lang='lat' dir='ltr'>insignia</span> <span class='ocrx_word' id='word_1_140' title='bbox 448 1262 521 1310; x_wconf 90' lang='lat' dir='ltr'>ipsi</span> <span class='ocrx_word' id='word_1_141' title='bbox 575 1274 644 1297; x_wconf 87' lang='lat' dir='ltr'>sua</span> <span class='ocrx_word' id='word_1_142' title='bbox 688 1260 875 1296; x_wconf 87' lang='lat' dir='ltr'>tradituri.</span> <span class='ocrx_word' id='word_1_143' title='bbox 948 1259 997 1295; x_wconf 86' lang='lat' dir='ltr'>Et</span> <span class='ocrx_word' id='word_1_144' title='bbox 1039 1270 1108 1294; x_wconf 82' lang='lat' dir='ltr'>vos</span> <span class='ocrx_word' id='word_1_145' title='bbox 1139 1251 1320 1295; x_wconf 78' lang='lat' dir='ltr'>Gentium</span> <span class='ocrx_word' id='word_1_146' title='bbox 1365 1271 1479 1307; x_wconf 88' lang='lat' dir='ltr'>quam</span> <span class='ocrx_word' id='word_1_147' title='bbox 1514 1258 1659 1294; x_wconf 84' lang='lat' dir='ltr'>Persea</span> 
     </span>
     <span class='ocr_line' id='line_1_19' title="bbox 240 1327 1658 1379; baseline -0.004 -11"><span class='ocrx_word' id='word_1_148' title='bbox 240 1332 326 1368; x_wconf 88' lang='lat' dir='ltr'>duci</span> <span class='ocrx_word' id='word_1_149' title='bbox 367 1333 405 1368; x_wconf 92' lang='lat' dir='ltr'>in</span> <span class='ocrx_word' id='word_1_150' title='bbox 445 1332 638 1379; x_wconf 86' lang='lat' dir='ltr'>triumpho</span> <span class='ocrx_word' id='word_1_151' title='bbox 674 1330 870 1374; x_wconf 70' lang='lat' dir='ltr'>mavoltis,</span> <span class='ocrx_word' id='word_1_152' title='bbox 903 1329 1089 1376; x_wconf 69' lang='lat' dir='ltr'>Quirites,</span> <span class='ocrx_word' id='word_1_153' title='bbox 1131 1334 1167 1365; x_wconf 85' lang='lat' dir='ltr'>et</span> <span class='ocrx_word' id='word_1_154' title='bbox 1207 1329 1254 1365; x_wconf 87' lang='lat' dir='ltr'>dc</span> <span class='ocrx_word' id='word_1_155' title='bbox 1285 1329 1502 1365; x_wconf 78' lang='lat' dir='ltr'>accessione</span> <span class='ocrx_word' id='word_1_156' title='bbox 1532 1327 1658 1376; x_wconf 86' lang='lat' dir='ltr'>potius</span> 
     </span>
     <span class='ocr_line' id='line_1_20' title="bbox 239 1397 1659 1449; baseline -0.004 -11"><span class='ocrx_word' id='word_1_157' title='bbox 239 1402 328 1438; x_wconf 90' lang='lat' dir='ltr'>belli</span> <span class='ocrx_word' id='word_1_158' title='bbox 363 1415 476 1449; x_wconf 85' lang='lat' dir='ltr'>quam</span> <span class='ocrx_word' id='word_1_159' title='bbox 509 1402 555 1437; x_wconf 89' lang='lat' dir='ltr'>de</span> <span class='ocrx_word' id='word_1_160' title='bbox 585 1401 685 1437; x_wconf 91' lang='lat' dir='ltr'>bello</span> <span class='ocrx_word' id='word_1_161' title='bbox 716 1398 968 1448; x_wconf 85' lang='lat' dir='ltr'>triumphari?</span> <span class='ocrx_word' id='word_1_162' title='bbox 1013 1399 1063 1435; x_wconf 82' lang='lat' dir='ltr'>Et</span> <span class='ocrx_word' id='word_1_163' title='bbox 1100 1398 1269 1447; x_wconf 80' lang='lat' dir='ltr'>legiones</span> <span class='ocrx_word' id='word_1_164' title='bbox 1308 1411 1355 1434; x_wconf 86' lang='lat' dir='ltr'>ex</span> <span class='ocrx_word' id='word_1_165' title='bbox 1393 1398 1547 1446; x_wconf 83' lang='lat' dir='ltr'>Illyrico</span> <span class='ocrx_word' id='word_1_166' title='bbox 1577 1397 1659 1434; x_wconf 77' lang='lat' dir='ltr'>lau·</span> 
     </span>
     <span class='ocr_line' id='line_1_21' title="bbox 240 1468 1658 1515; baseline -0.004 -8"><span class='ocrx_word' id='word_1_167' title='bbox 240 1479 356 1508; x_wconf 80' lang='lat' dir='ltr'>reatae</span> <span class='ocrx_word' id='word_1_168' title='bbox 377 1472 508 1508; x_wconf 85' lang='lat' dir='ltr'>urbem</span> <span class='ocrx_word' id='word_1_169' title='bbox 540 1471 687 1506; x_wconf 87' lang='lat' dir='ltr'>inibunt</span> <span class='ocrx_word' id='word_1_170' title='bbox 712 1477 747 1506; x_wconf 91' lang='lat' dir='ltr'>et</span> <span class='ocrx_word' id='word_1_171' title='bbox 771 1469 928 1505; x_wconf 83' lang='lat' dir='ltr'>navales</span> <span class='ocrx_word' id='word_1_172' title='bbox 951 1469 1062 1510; x_wconf 85' lang='lat' dir='ltr'>socii;</span> <span class='ocrx_word' id='word_1_173' title='bbox 1093 1468 1353 1504; x_wconf 73' lang='lat' dir='ltr'>Macedonicae</span> <span class='ocrx_word' id='word_1_174' title='bbox 1377 1468 1559 1515; x_wconf 72' lang='lat' dir='ltr'>legiones,</span> <span class='ocrx_word' id='word_1_175' title='bbox 1589 1478 1658 1503; x_wconf 91' lang='lat' dir='ltr'>suo</span> 
     </span>
     <span class='ocr_line' id='line_1_22' title="bbox 241 1536 1659 1589; baseline -0.003 -12"><span class='ocrx_word' id='word_1_176' title='bbox 241 1541 428 1589; x_wconf 83' lang='lat' dir='ltr'>abrogato</span> <span class='ocrx_word' id='word_1_177' title='bbox 461 1541 666 1588; x_wconf 76' lang='lat' dir='ltr'>triumphO,</span> <span class='ocrx_word' id='word_1_178' title='bbox 690 1540 834 1576; x_wconf 85' lang='lat' dir='ltr'>alienos</span> <span class='ocrx_word' id='word_1_179' title='bbox 861 1537 1113 1588; x_wconf 81' lang='lat' dir='ltr'>spectabunt?</span> <span class='ocrx_word' id='word_1_180' title='bbox 1145 1538 1244 1585; x_wconf 85' lang='lat' dir='ltr'>Quid</span> <span class='ocrx_word' id='word_1_181' title='bbox 1267 1538 1402 1574; x_wconf 88' lang='lat' dir='ltr'>deiude</span> <span class='ocrx_word' id='word_1_182' title='bbox 1423 1545 1498 1573; x_wconf 81' lang='lat' dir='ltr'>tam</span> <span class='ocrx_word' id='word_1_183' title='bbox 1523 1536 1659 1585; x_wconf 86' lang='lat' dir='ltr'>opimae</span> 
     </span>
     <span class='ocr_line' id='line_1_23' title="bbox 241 1607 1660 1660; baseline -0.004 -13"><span class='ocrx_word' id='word_1_184' title='bbox 241 1612 398 1660; x_wconf 60' lang='lat' dir='ltr'>praedae,</span> <span class='ocrx_word' id='word_1_185' title='bbox 435 1619 512 1646; x_wconf 84' lang='lat' dir='ltr'>tam</span> <span class='ocrx_word' id='word_1_186' title='bbox 545 1610 734 1658; x_wconf 63' lang='lat' dir='ltr'>opulenta}</span> <span class='ocrx_word' id='word_1_187' title='bbox 765 1610 933 1646; x_wconf 64' lang='lat' dir='ltr'>vienn-iaz</span> <span class='ocrx_word' id='word_1_188' title='bbox 969 1609 1100 1658; x_wconf 78' lang='lat' dir='ltr'>spoliis</span> <span class='ocrx_word' id='word_1_189' title='bbox 1131 1607 1220 1644; x_wconf 80' lang='lat' dir='ltr'>fiet?</span> <span class='ocrx_word' id='word_1_190' title='bbox 1265 1608 1441 1654; x_wconf 85' lang='lat' dir='ltr'>Quonam</span> <span class='ocrx_word' id='word_1_191' title='bbox 1474 1607 1660 1643; x_wconf 85' lang='lat' dir='ltr'>abdentur</span> 
     </span>
     <span class='ocr_line' id='line_1_24' title="bbox 238 1676 1658 1727; baseline -0.004 -11"><span class='ocrx_word' id='word_1_192' title='bbox 238 1680 304 1716; x_wconf 87' lang='lat' dir='ltr'>illa</span> <span class='ocrx_word' id='word_1_193' title='bbox 343 1688 399 1716; x_wconf 84' lang='lat' dir='ltr'>tot</span> <span class='ocrx_word' id='word_1_194' title='bbox 430 1681 533 1716; x_wconf 85' lang='lat' dir='ltr'>milia</span> <span class='ocrx_word' id='word_1_195' title='bbox 575 1693 787 1724; x_wconf 77' lang='lat' dir='ltr'>armorum,</span> <span class='ocrx_word' id='word_1_196' title='bbox 826 1680 998 1716; x_wconf 82' lang='lat' dir='ltr'>detracta</span> <span class='ocrx_word' id='word_1_197' title='bbox 1038 1679 1263 1727; x_wconf 75' lang='lat' dir='ltr'>corporibus</span> <span class='ocrx_word' id='word_1_198' title='bbox 1304 1676 1496 1714; x_wconf 80' lang='lat' dir='ltr'>hostium?</span> <span class='ocrx_word' id='word_1_199' title='bbox 1543 1688 1592 1713; x_wconf 88' lang='lat' dir='ltr'>an</span> <span class='ocrx_word' id='word_1_200' title='bbox 1621 1676 1658 1712; x_wconf 90' lang='lat' dir='ltr'>in</span> 
     </span>
     <span class='ocr_line' id='line_1_25' title="bbox 239 1746 1655 1797; baseline -0.004 -11"><span class='ocrx_word' id='word_1_201' title='bbox 239 1750 507 1786; x_wconf 82' lang='lat' dir='ltr'>Macedoniam</span> <span class='ocrx_word' id='word_1_202' title='bbox 530 1750 793 1787; x_wconf 81' lang='lat' dir='ltr'>remittentur?</span> <span class='ocrx_word' id='word_1_203' title='bbox 825 1749 912 1796; x_wconf 80' lang='lat' dir='ltr'>Quo</span> <span class='ocrx_word' id='word_1_204' title='bbox 934 1750 1044 1797; x_wconf 82' lang='lat' dir='ltr'>signa</span> <span class='ocrx_word' id='word_1_205' title='bbox 1067 1761 1196 1791; x_wconf 76' lang='lat' dir='ltr'>aurea,</span> <span class='ocrx_word' id='word_1_206' title='bbox 1226 1759 1454 1789; x_wconf 75' lang='lat' dir='ltr'>marmorea,</span> <span class='ocrx_word' id='word_1_207' title='bbox 1477 1746 1655 1788; x_wconf 78' lang='lat' dir='ltr'>eburnea,</span> 
     </span>
     <span class='ocr_line' id='line_1_26' title="bbox 240 1815 1658 1868; baseline -0.004 -12"><span class='ocrx_word' id='word_1_208' title='bbox 240 1819 378 1856; x_wconf 85' lang='lat' dir='ltr'>tabulae</span> <span class='ocrx_word' id='word_1_209' title='bbox 408 1819 530 1868; x_wconf 74' lang='lat' dir='ltr'>pictae,</span> <span class='ocrx_word' id='word_1_210' title='bbox 558 1821 716 1865; x_wconf 74' lang='lat' dir='ltr'>textilia,</span> <span class='ocrx_word' id='word_1_211' title='bbox 747 1826 893 1857; x_wconf 84' lang='lat' dir='ltr'>tantum</span> <span class='ocrx_word' id='word_1_212' title='bbox 918 1818 1064 1867; x_wconf 82' lang='lat' dir='ltr'>argenti</span> <span class='ocrx_word' id='word_1_213' title='bbox 1086 1818 1219 1859; x_wconf 65' lang='lat' dir='ltr'>oculati,</span> <span class='ocrx_word' id='word_1_214' title='bbox 1251 1825 1396 1854; x_wconf 85' lang='lat' dir='ltr'>tantum</span> <span class='ocrx_word' id='word_1_215' title='bbox 1429 1815 1524 1857; x_wconf 84' lang='lat' dir='ltr'>auri,</span> <span class='ocrx_word' id='word_1_216' title='bbox 1551 1822 1658 1851; x_wconf 81' lang='lat' dir='ltr'>tanta</span> 
     </span>
     <span class='ocr_line' id='line_1_27' title="bbox 240 1885 1656 1938; baseline -0.003 -14"><span class='ocrx_word' id='word_1_217' title='bbox 240 1889 402 1938; x_wconf 83' lang='lat' dir='ltr'>pecunia</span> <span class='ocrx_word' id='word_1_218' title='bbox 441 1889 573 1938; x_wconf 82' lang='lat' dir='ltr'>regia?</span> <span class='ocrx_word' id='word_1_219' title='bbox 611 1903 659 1926; x_wconf 83' lang='lat' dir='ltr'>an</span> <span class='ocrx_word' id='word_1_220' title='bbox 696 1898 810 1927; x_wconf 83' lang='lat' dir='ltr'>noctu</span> <span class='ocrx_word' id='word_1_221' title='bbox 842 1896 1038 1936; x_wconf 87' lang='lat' dir='ltr'>tamquam</span> <span class='ocrx_word' id='word_1_222' title='bbox 1071 1887 1213 1924; x_wconf 81' lang='lat' dir='ltr'>fui-tiva</span> <span class='ocrx_word' id='word_1_223' title='bbox 1246 1888 1283 1923; x_wconf 88' lang='lat' dir='ltr'>in</span> <span class='ocrx_word' id='word_1_224' title='bbox 1317 1886 1491 1923; x_wconf 79' lang='lat' dir='ltr'>aerarium</span> <span class='ocrx_word' id='word_1_225' title='bbox 1519 1885 1656 1933; x_wconf 88' lang='lat' dir='ltr'>depor-</span> 
     </span>
     <span class='ocr_line' id='line_1_28' title="bbox 239 1954 1655 2007; baseline -0.005 -11"><span class='ocrx_word' id='word_1_226' title='bbox 239 1958 446 1996; x_wconf 79' lang='lat' dir='ltr'>tabuntur?</span> <span class='ocrx_word' id='word_1_227' title='bbox 496 1959 623 2006; x_wconf 78' lang='lat' dir='ltr'>Quid?</span> <span class='ocrx_word' id='word_1_228' title='bbox 675 1960 764 1996; x_wconf 90' lang='lat' dir='ltr'>illud</span> <span class='ocrx_word' id='word_1_229' title='bbox 811 1958 1070 2007; x_wconf 79' lang='lat' dir='ltr'>spectaculum</span> <span class='ocrx_word' id='word_1_230' title='bbox 1119 1957 1348 1997; x_wconf 69' lang='lat' dir='ltr'>maximum,</span> <span class='ocrx_word' id='word_1_231' title='bbox 1397 1954 1655 1991; x_wconf 85' lang='lat' dir='ltr'>nobilissimus</span> 
     </span>
     <span class='ocr_line' id='line_1_29' title="bbox 240 2023 1652 2078; baseline -0.004 -13"><span class='ocrx_word' id='word_1_232' title='bbox 240 2029 620 2078; x_wconf 71' lang='lat' dir='ltr'>opulentissimusque</span> <span class='ocrx_word' id='word_1_233' title='bbox 657 2043 726 2066; x_wconf 80' lang='lat' dir='ltr'>rex</span> <span class='ocrx_word' id='word_1_234' title='bbox 763 2036 918 2077; x_wconf 77' lang='lat' dir='ltr'>captus.</span> <span class='ocrx_word' id='word_1_235' title='bbox 959 2028 1023 2064; x_wconf 87' lang='lat' dir='ltr'>ubi</span> <span class='ocrx_word' id='word_1_236' title='bbox 1061 2028 1195 2064; x_wconf 88' lang='lat' dir='ltr'>victori</span> <span class='ocrx_word' id='word_1_237' title='bbox 1234 2026 1376 2076; x_wconf 90' lang='lat' dir='ltr'>populo</span> <span class='ocrx_word' id='word_1_238' title='bbox 1408 2023 1652 2062; x_wconf 82' lang='lat' dir='ltr'>ostendetur?</span> 
     </span>
    </p>
   </div>
   <div class='ocr_carea' id='block_1_5' title="bbox 234 2149 1655 2712">
    <p class='ocr_par' dir='ltr' id='par_1_5' title="bbox 234 2149 1655 2712">
     <span class='ocr_line' id='line_1_30' title="bbox 239 2149 1655 2196; baseline -0.005 -10"><span class='ocrx_word' id='word_1_239' title='bbox 239 2159 257 2185; x_wconf 87' lang='lat'><strong>3</strong></span> <span class='ocrx_word' id='word_1_240' title='bbox 285 2162 398 2186; x_wconf 82' lang='lat' dir='ltr'>tamen</span> <span class='ocrx_word' id='word_1_241' title='bbox 425 2166 521 2186; x_wconf 89' lang='lat' dir='ltr'>suum</span> <span class='ocrx_word' id='word_1_242' title='bbox 543 2164 676 2196; x_wconf 90' lang='lat' dir='ltr'>quoque</span> <span class='ocrx_word' id='word_1_243' title='bbox 706 2155 856 2186; x_wconf 74' lang='lat' dir='ltr'>Gruterus</span> <span class='ocrx_word' id='word_1_244' title='bbox 877 2154 882 2192; x_wconf 88' lang='grc' dir='ltr'>Ι</span> <span class='ocrx_word' id='word_1_245' title='bbox 905 2153 1053 2184; x_wconf 80' lang='lat' dir='ltr'>absentis</span> <span class='ocrx_word' id='word_1_246' title='bbox 1099 2151 1153 2188; x_wconf 78' lang='lat'>14,</span> <span class='ocrx_word' id='word_1_247' title='bbox 1173 2154 1191 2181; x_wconf 89' lang='lat'><strong>3</strong></span> <span class='ocrx_word' id='word_1_248' title='bbox 1209 2150 1334 2181; x_wconf 81' lang='lat' dir='ltr'>dimissi</span> <span class='ocrx_word' id='word_1_249' title='bbox 1362 2150 1443 2180; x_wconf 81' lang='lat' dir='ltr'>satis</span> <span class='ocrx_word' id='word_1_250' title='bbox 1486 2154 1504 2179; x_wconf 68' lang='lat'>4</span> <span class='ocrx_word' id='word_1_251' title='bbox 1531 2149 1655 2180; x_wconf 83' lang='lat' dir='ltr'>diuersi</span> 
     </span>
     <span class='ocr_line' id='line_1_31' title="bbox 238 2204 1653 2253; baseline -0.005 -10"><span class='ocrx_word' id='word_1_252' title='bbox 238 2213 280 2243; x_wconf 81' lang='lat' dir='ltr'>do</span> <span class='ocrx_word' id='word_1_253' title='bbox 307 2214 448 2253; x_wconf 86' lang='lat' dir='ltr'>quisque</span> <span class='ocrx_word' id='word_1_254' title='bbox 474 2213 626 2244; x_wconf 77' lang='lat' dir='ltr'>habeatis</span> <span class='ocrx_word' id='word_1_255' title='bbox 667 2216 684 2242; x_wconf 91' lang='lat'>5</span> <span class='ocrx_word' id='word_1_256' title='bbox 713 2211 951 2251; x_wconf 83' lang='lat' dir='ltr'>triumphantis</span> <span class='ocrx_word' id='word_1_257' title='bbox 978 2211 1090 2241; x_wconf 84' lang='lat' dir='ltr'>uidere</span> <span class='ocrx_word' id='word_1_258' title='bbox 1117 2209 1218 2239; x_wconf 81' lang='lat' dir='ltr'>uellet</span> <span class='ocrx_word' id='word_1_259' title='bbox 1268 2206 1514 2242; x_wconf 80' lang='lat' dir='ltr'>xxxlx,1.i</span> <span class='ocrx_word' id='word_1_260' title='bbox 1554 2204 1653 2247; x_wconf 72' lang='lat' dir='ltr'>Vulyo</span> 
     </span>
     <span class='ocr_line' id='line_1_32' title="bbox 234 2263 1652 2311; baseline -0.006 -9"><span class='ocrx_word' id='word_1_261' title='bbox 234 2281 335 2311; x_wconf 80' lang='lat' dir='ltr'>prave</span> <span class='ocrx_word' id='word_1_262' title='bbox 360 2271 474 2310; x_wconf 75' lang='lat' dir='ltr'>capitis</span> <span class='ocrx_word' id='word_1_263' title='bbox 500 2271 619 2301; x_wconf 71' lang='lat' dir='ltr'>initium</span> <span class='ocrx_word' id='word_1_264' title='bbox 645 2275 768 2300; x_wconf 77' lang='lat' dir='ltr'>notatur</span> <span class='ocrx_word' id='word_1_265' title='bbox 796 2269 825 2299; x_wconf 81' lang='lat' dir='ltr'>in</span> <span class='ocrx_word' id='word_1_266' title='bbox 857 2268 957 2298; x_wconf 65' lang='lat' dir='ltr'>verbis</span> <span class='ocrx_word' id='word_1_267' title='bbox 982 2266 1243 2307; x_wconf 78' lang='lat' dir='ltr'>Triumphatum</span> <span class='ocrx_word' id='word_1_268' title='bbox 1271 2275 1377 2306; x_wconf 79' lang='lat' dir='ltr'>nuper</span> <span class='ocrx_word' id='word_1_269' title='bbox 1410 2268 1428 2295; x_wconf 81' lang='lat'>2</span> <span class='ocrx_word' id='word_1_270' title='bbox 1448 2263 1607 2295; x_wconf 80' lang='lat' dir='ltr'>anthioco</span> <span class='ocrx_word' id='word_1_271' title='bbox 1633 2267 1652 2294; x_wconf 85' lang='lat'><strong>3</strong></span> 
     </span>
     <span class='ocr_line' id='line_1_33' title="bbox 237 2319 1651 2369; baseline -0.005 -11"><span class='ocrx_word' id='word_1_272' title='bbox 237 2328 277 2358; x_wconf 84' lang='lat' dir='ltr'>dc</span> <span class='ocrx_word' id='word_1_273' title='bbox 304 2327 356 2358; x_wconf 86' lang='lat' dir='ltr'>his</span> <span class='ocrx_word' id='word_1_274' title='bbox 383 2327 514 2369; x_wconf 68' lang='lat' dir='ltr'>Kreyss.</span> <span class='ocrx_word' id='word_1_275' title='bbox 588 2328 620 2363; x_wconf 78' lang='lat'>2,</span> <span class='ocrx_word' id='word_1_276' title='bbox 653 2331 664 2358; x_wconf 86' lang='lat'>1</span> <span class='ocrx_word' id='word_1_277' title='bbox 695 2328 728 2357; x_wconf 91' lang='lat' dir='ltr'>iu</span> <span class='ocrx_word' id='word_1_278' title='bbox 755 2336 888 2357; x_wconf 81' lang='lat' dir='ltr'>currum</span> <span class='ocrx_word' id='word_1_279' title='bbox 916 2325 1109 2357; x_wconf 81' lang='lat' dir='ltr'>scandentis</span> <span class='ocrx_word' id='word_1_280' title='bbox 1172 2328 1190 2354; x_wconf 86' lang='lat'><strong>4</strong></span> <span class='ocrx_word' id='word_1_281' title='bbox 1225 2332 1358 2354; x_wconf 86' lang='lat' dir='ltr'>currum</span> <span class='ocrx_word' id='word_1_282' title='bbox 1386 2322 1394 2352; x_wconf 93' lang='lat' dir='ltr'>i</span> <span class='ocrx_word' id='word_1_283' title='bbox 1423 2321 1552 2353; x_wconf 78' lang='lat' dir='ltr'>censuri</span> <span class='ocrx_word' id='word_1_284' title='bbox 1582 2319 1651 2362; x_wconf 75' lang='lat' dir='ltr'>My.</span> 
     </span>
     <span class='ocr_line' id='line_1_34' title="bbox 236 2377 1653 2425; baseline -0.004 -9"><span class='ocrx_word' id='word_1_285' title='bbox 236 2383 309 2416; x_wconf 86' lang='lat' dir='ltr'>Em.</span> <span class='ocrx_word' id='word_1_286' title='bbox 342 2384 414 2416; x_wconf 79' lang='grc'>622</span> <span class='ocrx_word' id='word_1_287' title='bbox 441 2384 562 2425; x_wconf 68' lang='lat' dir='ltr'>(Gryn.</span> <span class='ocrx_word' id='word_1_288' title='bbox 590 2395 722 2415; x_wconf 82' lang='lat' dir='ltr'>currum</span> <span class='ocrx_word' id='word_1_289' title='bbox 750 2384 778 2414; x_wconf 87' lang='lat' dir='ltr'>ei</span> <span class='ocrx_word' id='word_1_290' title='bbox 805 2383 949 2422; x_wconf 73' lang='lat' dir='ltr'>cessuri)</span> <span class='ocrx_word' id='word_1_291' title='bbox 973 2386 977 2421; x_wconf 75' lang='grc' dir='ltr'>Ι</span> <span class='ocrx_word' id='word_1_292' title='bbox 1001 2389 1052 2412; x_wconf 87' lang='lat' dir='ltr'>cst</span> <span class='ocrx_word' id='word_1_293' title='bbox 1084 2391 1151 2423; x_wconf 79' lang='lat' dir='ltr'>prae</span> <span class='ocrx_word' id='word_1_294' title='bbox 1213 2384 1229 2411; x_wconf 81' lang='lat'><strong>5</strong></span> <span class='ocrx_word' id='word_1_295' title='bbox 1258 2381 1416 2411; x_wconf 81' lang='lat' dir='ltr'>traditum</span> <span class='ocrx_word' id='word_1_296' title='bbox 1444 2386 1479 2410; x_wconf 90' lang='lat' dir='ltr'>ut</span> <span class='ocrx_word' id='word_1_297' title='bbox 1504 2388 1565 2410; x_wconf 85' lang='lat' dir='ltr'>nos</span> <span class='ocrx_word' id='word_1_298' title='bbox 1620 2377 1653 2419; x_wconf 90' lang='lat'>3,</span> 
     </span>
     <span class='ocr_line' id='line_1_35' title="bbox 238 2435 1652 2483; baseline -0.005 -10"><span class='ocrx_word' id='word_1_299' title='bbox 238 2446 256 2472; x_wconf 84' lang='lat'>2</span> <span class='ocrx_word' id='word_1_300' title='bbox 288 2440 386 2483; x_wconf 74' lang='lat' dir='ltr'>Gryn.</span> <span class='ocrx_word' id='word_1_301' title='bbox 415 2443 447 2472; x_wconf 91' lang='lat' dir='ltr'>in</span> <span class='ocrx_word' id='word_1_302' title='bbox 475 2442 682 2483; x_wconf 83' lang='lat' dir='ltr'>triumphurn</span> <span class='ocrx_word' id='word_1_303' title='bbox 730 2445 749 2473; x_wconf 89' lang='grc'><strong><em>3</em></strong></span> <span class='ocrx_word' id='word_1_304' title='bbox 777 2441 974 2480; x_wconf 79' lang='lat' dir='ltr'>triumphari</span> <span class='ocrx_word' id='word_1_305' title='bbox 1001 2439 1153 2479; x_wconf 78' lang='lat' dir='ltr'>legiones</span> <span class='ocrx_word' id='word_1_306' title='bbox 1180 2444 1211 2469; x_wconf 87' lang='lat' dir='ltr'>ct</span> <span class='ocrx_word' id='word_1_307' title='bbox 1237 2448 1279 2468; x_wconf 76' lang='lat' dir='ltr'>cx</span> <span class='ocrx_word' id='word_1_308' title='bbox 1304 2437 1445 2478; x_wconf 85' lang='lat' dir='ltr'>inlyrico</span> <span class='ocrx_word' id='word_1_309' title='bbox 1494 2435 1527 2472; x_wconf 84' lang='lat'>4,</span> <span class='ocrx_word' id='word_1_310' title='bbox 1547 2439 1565 2467; x_wconf 82' lang='lat'>2</span> <span class='ocrx_word' id='word_1_311' title='bbox 1593 2445 1652 2466; x_wconf 81' lang='lat' dir='ltr'>na-</span> 
     </span>
     <span class='ocr_line' id='line_1_36' title="bbox 235 2492 1653 2538; baseline -0.003 -9"><span class='ocrx_word' id='word_1_312' title='bbox 235 2499 310 2530; x_wconf 80' lang='lat' dir='ltr'>uale</span> <span class='ocrx_word' id='word_1_313' title='bbox 353 2498 435 2530; x_wconf 84' lang='lat' dir='ltr'>socii</span> <span class='ocrx_word' id='word_1_314' title='bbox 476 2500 714 2530; x_wconf 79' lang='lat' dir='ltr'>macedoniciae</span> <span class='ocrx_word' id='word_1_315' title='bbox 775 2503 794 2529; x_wconf 85' lang='grc'><strong>3</strong></span> <span class='ocrx_word' id='word_1_316' title='bbox 821 2499 966 2538; x_wconf 81' lang='lat' dir='ltr'>abrogat</span> <span class='ocrx_word' id='word_1_317' title='bbox 991 2504 1026 2527; x_wconf 92' lang='lat' dir='ltr'>ut</span> <span class='ocrx_word' id='word_1_318' title='bbox 1054 2506 1196 2537; x_wconf 85' lang='lat' dir='ltr'>numpos</span> <span class='ocrx_word' id='word_1_319' title='bbox 1222 2496 1350 2527; x_wconf 75' lang='lat' dir='ltr'>alienos</span> <span class='ocrx_word' id='word_1_320' title='bbox 1377 2494 1448 2535; x_wconf 73' lang='lat' dir='ltr'>My.</span> <span class='ocrx_word' id='word_1_321' title='bbox 1476 2493 1549 2525; x_wconf 84' lang='lat' dir='ltr'>Em.</span> <span class='ocrx_word' id='word_1_322' title='bbox 1581 2492 1653 2525; x_wconf 78' lang='lat'>622</span> 
     </span>
     <span class='ocr_line' id='line_1_37' title="bbox 234 2551 1652 2598; baseline -0.006 -10"><span class='ocrx_word' id='word_1_323' title='bbox 234 2555 352 2598; x_wconf 77' lang='lat' dir='ltr'>(Gryn.</span> <span class='ocrx_word' id='word_1_324' title='bbox 381 2556 546 2595; x_wconf 79' lang='lat' dir='ltr'>abtogato</span> <span class='ocrx_word' id='word_1_325' title='bbox 573 2556 772 2598; x_wconf 84' lang='lat' dir='ltr'>triumphos)</span> <span class='ocrx_word' id='word_1_326' title='bbox 805 2555 810 2594; x_wconf 95' lang='grc' dir='ltr'>Ι</span> <span class='ocrx_word' id='word_1_327' title='bbox 842 2555 1073 2596; x_wconf 78' lang='lat' dir='ltr'>expectabunt</span> <span class='ocrx_word' id='word_1_328' title='bbox 1121 2558 1140 2584; x_wconf 84' lang='lat'><strong>4</strong></span> <span class='ocrx_word' id='word_1_329' title='bbox 1168 2554 1348 2595; x_wconf 74' lang='lat' dir='ltr'>opulentiae</span> <span class='ocrx_word' id='word_1_330' title='bbox 1400 2551 1432 2585; x_wconf 83' lang='grc'>5-</span> <span class='ocrx_word' id='word_1_331' title='bbox 1459 2555 1478 2582; x_wconf 88' lang='grc'><strong>3</strong></span> <span class='ocrx_word' id='word_1_332' title='bbox 1505 2551 1652 2581; x_wconf 85' lang='lat' dir='ltr'>remitte-</span> 
     </span>
     <span class='ocr_line' id='line_1_38' title="bbox 234 2607 1652 2654; baseline -0.006 -9"><span class='ocrx_word' id='word_1_333' title='bbox 234 2620 348 2645; x_wconf 85' lang='lat' dir='ltr'>rentur</span> <span class='ocrx_word' id='word_1_334' title='bbox 370 2615 375 2653; x_wconf 71' lang='grc' dir='ltr'>ι</span> <span class='ocrx_word' id='word_1_335' title='bbox 398 2614 545 2644; x_wconf 82' lang='lat' dir='ltr'>ebornea</span> <span class='ocrx_word' id='word_1_336' title='bbox 571 2614 686 2644; x_wconf 78' lang='lat' dir='ltr'>tabula</span> <span class='ocrx_word' id='word_1_337' title='bbox 712 2613 956 2654; x_wconf 78' lang='lat' dir='ltr'>pictaetextilia</span> <span class='ocrx_word' id='word_1_338' title='bbox 1017 2617 1036 2642; x_wconf 76' lang='lat'><strong>4</strong></span> <span class='ocrx_word' id='word_1_339' title='bbox 1064 2611 1162 2642; x_wconf 79' lang='lat' dir='ltr'>celati</span> <span class='ocrx_word' id='word_1_340' title='bbox 1210 2611 1242 2646; x_wconf 83' lang='grc'>6,</span> <span class='ocrx_word' id='word_1_341' title='bbox 1275 2614 1287 2641; x_wconf 86' lang='lat' dir='ltr'>l</span> <span class='ocrx_word' id='word_1_342' title='bbox 1318 2618 1490 2649; x_wconf 80' lang='lat' dir='ltr'>tamquam</span> <span class='ocrx_word' id='word_1_343' title='bbox 1516 2607 1652 2638; x_wconf 79' lang='lat' dir='ltr'>fortuna</span> 
     </span>
     <span class='ocr_line' id='line_1_39' title="bbox 235 2665 1558 2712; baseline -0.005 -10"><span class='ocrx_word' id='word_1_344' title='bbox 235 2675 252 2702; x_wconf 87' lang='lat'>2</span> <span class='ocrx_word' id='word_1_345' title='bbox 282 2671 375 2701; x_wconf 91' lang='lat' dir='ltr'>illum</span> <span class='ocrx_word' id='word_1_346' title='bbox 398 2671 403 2708; x_wconf 73' lang='grc' dir='ltr'>Ι</span> <span class='ocrx_word' id='word_1_347' title='bbox 425 2671 672 2702; x_wconf 86' lang='lat' dir='ltr'>nobilissimum</span> <span class='ocrx_word' id='word_1_348' title='bbox 701 2671 996 2712; x_wconf 86' lang='lat' dir='ltr'>opulentissimum</span> <span class='ocrx_word' id='word_1_349' title='bbox 1022 2679 1073 2700; x_wconf 79' lang='lat' dir='ltr'>res</span> <span class='ocrx_word' id='word_1_350' title='bbox 1123 2673 1141 2700; x_wconf 88' lang='lat'><strong>3</strong></span> <span class='ocrx_word' id='word_1_351' title='bbox 1169 2668 1359 2699; x_wconf 84' lang='lat' dir='ltr'>ostenditur</span> <span class='ocrx_word' id='word_1_352' title='bbox 1384 2665 1558 2699; x_wconf 79' lang='lat' dir='ltr'>Gruterus?</span> 
     </span>
    </p>
   </div>
  </div>
 </body>
</html>
