1742 2902
300 90 347 122 70
667 87 766 116 Liber
792 86 900 116 XLII.
953 87 1011 124 (A.
1041 96 1072 116 u.
1102 97 1130 117 c.
1159 87 1254 125 583.)

241 206 511 242 maturandum
535 218 638 249 esse;
669 207 882 251 victoriam,
913 208 1159 256 triumphum,
1189 208 1499 257 propagationem
1514 210 1656 257 imperii

165 278 208 311 10
235 274 416 322 portendi.
479 274 623 318 Patres,
655 276 927 323 quodsaustum
958 277 1129 325 felixque
1159 278 1302 326 populo
1333 279 1509 315 Romano
1540 283 1652 322 esset,

160 622 200 656 11

127 956 175 1000 31

240 342 461 379 centuriatis
494 343 657 379 comitiis
696 345 819 392 primo
858 359 998 395 quoque
1041 347 1103 382 die
1133 345 1233 383 ferre
1268 347 1316 382 ad
1347 347 1530 395 populum
1558 359 1651 383 con-

239 412 339 446 sules
369 411 580 456 iusserunt,
612 418 664 457 ut,
697 415 798 461 quod
829 416 1016 459 Perseus,
1046 415 1214 464 Philippi
1246 416 1365 460 filius,
1396 416 1651 452 Macedonum

238 492 318 524 rex,
349 480 533 516 adversus
565 481 690 518 soedus
720 495 804 519 cum
836 491 944 531 patre
978 484 1158 532 Philippo
1188 484 1303 520 ictum
1341 491 1378 520 et
1407 496 1534 520 seeum
1566 490 1654 532 post

239 555 397 585 mortem
433 550 513 586 eius
543 558 783 595 renovatum,
817 553 930 588 sociis
960 554 1091 601 populi
1122 554 1287 590 Romani
1314 565 1424 589 arina
1452 553 1652 595 intulisset,

238 629 352 665 agros
383 626 574 656 vastasset
614 622 805 668 urbesque
838 629 1085 669 occupasset,
1134 622 1313 669 quodque
1357 622 1447 657 belli
1491 623 1652 670 parandi

237 687 421 724 adversus
457 689 641 736 populum
673 690 891 726 Romanum
932 691 1091 727 consilia
1133 691 1286 734 inisset,
1330 703 1457 734 arma,
1504 691 1653 734 milites,

237 756 397 792 classem
429 757 509 793 eius
538 758 593 793 rei
624 770 741 794 causa
772 768 1034 807 conparasset,
1067 767 1118 805 ut,
1148 761 1218 796 nisi
1248 761 1294 796 de
1324 760 1369 796 iis
1399 761 1511 796 rebus
1541 761 1653 798 satis-

237 825 407 870 fecisset,
449 827 588 863 bellum
633 840 716 863 cum
759 841 803 864 co
845 829 1013 865 iniretur.
1079 830 1173 866 Haec
1208 830 1358 877 rogatio
1390 830 1439 865 ad
1469 830 1652 878 populum

236 893 315 929 lata
347 902 414 932 est.

351 963 516 1001 Senatus
552 967 765 1002 consultum
797 967 884 1003 inde
914 967 1056 1003 factum
1096 973 1171 1010 est,
1212 973 1253 1002 ut
1282 968 1456 1003 consules
1487 968 1584 1004 inter
1613 980 1654 1005 se

237 1033 455 1079 provincias
490 1035 641 1071 Italiam
684 1043 720 1071 et
751 1036 1018 1073 Macedoniam
1059 1043 1328 1084 compararent
1357 1037 1653 1081 sortirenturve:

237 1102 296 1137 cui
326 1102 558 1140 Macedonia
597 1106 834 1145 obvenisset,
879 1113 919 1141 ut
951 1106 981 1141 is
1012 1117 1139 1153 regem
1175 1106 1342 1144 Persea,
1389 1106 1530 1153 quique
1574 1107 1654 1143 eius

237 1178 379 1207 sectam
410 1174 529 1209 secuti
568 1180 705 1218 essent,
735 1175 805 1210 nisi
837 1175 979 1222 populo
1011 1175 1187 1210 Romano
1218 1174 1511 1220 satisfecissent,
1554 1176 1654 1213 bello

237 1247 542 1288 persequeretur.
612 1244 801 1291 Legiones
834 1250 1016 1291 quattuor
1046 1257 1166 1280 novas
1197 1244 1309 1280 scribi
1341 1244 1503 1292 placuit,
1544 1245 1654 1281 binas

237 1309 396 1357 singulis
427 1312 657 1349 consulibus.
722 1313 767 1348 Id
798 1313 978 1361 praecipui
1009 1314 1213 1361 provinciae
1238 1313 1475 1349 Macedoniae
1509 1314 1654 1358 datum,

239 1379 364 1425 quod,
404 1392 488 1415 cum
529 1381 686 1417 alterius
717 1383 881 1418 consulis
913 1383 1125 1431 legionibus
1157 1382 1274 1429 quina
1315 1382 1419 1418 milia
1449 1389 1486 1418 et
1518 1383 1654 1418 duceni

238 1447 384 1494 pedites
415 1462 463 1484 ex
493 1458 621 1486 vetere
658 1451 828 1487 instituto
866 1453 1048 1488 darentur
1091 1453 1129 1488 in
1168 1451 1336 1498 singulas
1378 1451 1570 1499 legiones,
1617 1452 1654 1487 in

238 1517 508 1555 Macedoniam
540 1533 633 1556 sena
664 1520 768 1556 milia
800 1521 969 1568 peditum
1009 1521 1122 1557 scribi
1163 1522 1284 1564 iussa;
1330 1521 1476 1568 equites
1513 1521 1655 1557 treceni

239 1587 437 1634 aequaliter
467 1589 503 1624 in
535 1590 705 1637 singulas
733 1590 914 1638 legiones.
994 1592 1044 1627 Et
1074 1590 1112 1626 in
1143 1590 1275 1626 sociali
1307 1591 1474 1625 exercitu
1506 1590 1653 1626 consuli

239 1656 347 1692 alteri
378 1666 512 1694 auctus
542 1671 742 1703 numerus3
772 1660 935 1695 sedecim
968 1659 1072 1695 milia
1102 1659 1290 1707 peditum,
1324 1658 1463 1696 DCCC
1495 1660 1654 1707 equites,

239 1734 376 1772 praeter
406 1740 484 1771 eos,
516 1740 612 1774 quos
644 1727 712 1764 Cn.
744 1729 906 1765 Sicinius
935 1729 1118 1773 duxisset,
1151 1729 1222 1765 DC
1253 1729 1422 1776 equites,
1453 1729 1490 1764 in
1521 1729 1652 1765 Mace-

238 1795 391 1832 doniam
424 1797 613 1835 traiceret.
697 1799 818 1834 Italiae
857 1799 950 1834 satis
987 1799 1069 1834 visa
1100 1800 1181 1835 XII
1224 1799 1329 1834 milia
1366 1798 1556 1834 sociorum
1589 1810 1654 1846 pe-

239 1863 371 1909 ditum,
417 1865 489 1902 DC
520 1867 678 1914 equites.
760 1868 859 1903 Illud
904 1880 1059 1914 quoque
1103 1868 1334 1915 praecipuum
1382 1868 1511 1903 datum
1560 1867 1654 1903 sorti

239 1933 499 1978 Macedoniae,
547 1943 586 1972 ut
615 1938 856 1972 centuriones
886 1937 1101 1984 militesque
1130 1942 1278 1972 veteres
1309 1937 1511 1981 scriberet,
1557 1947 1654 1984 quos

238 2001 363 2046 vellet,
394 2005 524 2039 consul
557 2018 678 2053 usque
709 2007 757 2041 ad
776 2006 1053 2054 quinquaginta
1071 2018 1203 2041 annos.
1252 2006 1295 2041 In
1318 2006 1477 2042 tribunis
1495 2005 1654 2042 militum

238 2079 420 2108 novatum
453 2086 496 2109 eo
529 2087 628 2111 anuo
657 2082 815 2123 propter
846 2075 1135 2111 Macedonicum
1165 2075 1317 2116 bellum,
1348 2076 1450 2123 quod
1480 2074 1656 2110 consules

239 2201 270 2238 9,
289 2206 306 2231 2
324 2209 351 2233 et
376 2204 429 2241 10,
462 2209 473 2235 l
505 2206 714 2246 triumphum
752 2207 947 2246 prorogatio
973 2206 1121 2246 felixque
1147 2193 1177 2246 p.
1199 2194 1223 2236 r.
1252 2211 1347 2236 esset.
1408 2204 1521 2246 Suppl.
1554 2204 1652 2245 (ἲν-μη.

237 2258 294 2288 sed
318 2263 591 2300 prorogationem
622 2263 774 2304 imperii3
813 2275 894 2294 corr.
935 2263 1080 2294 Perizon.
1147 2261 1250 2302 (Num
1277 2262 1412 2294 Patres.
1440 2271 1514 2302 quae
1545 2261 1656 2293 fausta

239 2317 371 2355 rogatio
410 2317 595 2359 felixque-st)
646 2324 664 2350 2
703 2321 836 2350 comitis
859 2320 864 2360 Ι
886 2320 993 2361 primo
1021 2319 1154 2350 differre
1207 2324 1226 2349 4
1253 2325 1285 2350 et
1311 2329 1408 2350 secus
1459 2322 1478 2349 6
1505 2324 1656 2350 uastaret

240 2384 293 2422 11,
323 2389 339 2415 2
369 2386 531 2418 aduersus
564 2394 740 2428 praetorem
768 2389 909 2419 consilia
947 2388 1090 2419 inissent
1150 2393 1169 2418 3
1198 2377 1365 2419 clau'ssem
1413 2387 1546 2424 XXXI,
1574 2387 1605 2423 1,
1634 2391 1653 2418 2

239 2443 501 2483 sortirenturque
540 2449 559 2474 4
586 2445 824 2476 satisfecissem
854 2448 870 2476 5
887 2446 1150 2485 persequerebur
1197 2446 1228 2483 2,
1250 2449 1260 2476 l
1290 2445 1476 2485 legationes
1525 2448 1544 2475 2
1571 2454 1655 2485 prae-

240 2499 335 2539 cipue
370 2499 460 2540 Lips.
534 2505 552 2531 3
596 2500 695 2542 (ir-yn.
735 2502 855 2533 duceni
895 2503 1023 2542 equites
1095 2506 1112 2532 5
1154 2503 1354 2533 macedonia
1384 2501 1389 2542 Ι
1422 2502 1561 2542 aequites
1622 2502 1654 2538 3,

244 2571 254 2597 l
294 2573 326 2597 ct
353 2577 370 2597 e
397 2569 429 2598 in
452 2567 457 2608 Ι
480 2569 598 2599 consul
625 2569 710 2600 alter
766 2575 783 2600 2
813 2580 971 2601 numerus
1005 2570 1044 2600 de
1074 2579 1130 2600 ccc
1158 2571 1287 2609 equites
1315 2580 1381 2603 nm.
1412 2580 1476 2602 nm.
1503 2570 1653 2611 peditum

239 2638 342 2678 odccc
369 2648 497 2687 equites
551 2648 583 2684 4,
616 2651 625 2677 l
660 2649 785 2679 milium
836 2648 867 2687 5,
898 2654 909 2680 l
941 2650 975 2680 in
1005 2638 1043 2680 tr.
1072 2650 1140 2680 mil.
1193 2654 1210 2680 2
1240 2651 1503 2681 macaedonicum

1731 2840 1737 2902 ——--⁴
1731 2686 1737 2826 ——----
1730 2611 1739 2669 2-—
