1796 2929
232 1362 253 1397 to

359 134 429 167 160
707 130 811 160 Liber
827 129 955 160 XLIV.
996 129 1057 168 (A.
1087 138 1117 158 u.
1146 138 1174 159 c.
1204 128 1299 167 585.)

296 251 459 298 praetori,
491 250 579 298 quia
614 262 802 297 nusquam
824 251 964 287 cumuli
995 251 1245 298 apparebant,
1277 262 1351 298 quo
1373 256 1524 298 regesta
1554 263 1573 287 e
1603 252 1708 288 fossa

295 329 396 356 terra
426 320 542 362 soret,
584 320 784 356 monstrati
815 328 901 357 sunt
934 321 1115 357 fornices:
1157 332 1232 355 non
1262 319 1311 356 ad
1342 320 1499 356 eundem
1529 321 1707 358 crassitu-

295 389 438 432 dinem,
480 400 594 435 quam
637 396 804 424 veterem
846 402 1013 433 murum,
1061 390 1127 426 sed
1167 389 1327 436 simplici
1366 389 1526 425 laterum
1576 390 1707 426 ordine

295 465 459 493 structos
490 469 585 494 csse.
645 455 855 494 Consilium
887 459 1003 507 igitur
1023 459 1133 506 cepit,
1164 459 1376 494 transfosso
1408 459 1551 505 pariete
1579 459 1650 495 iter
1670 460 1707 495 in

295 525 424 560 urbem
463 525 691 571 patefacere.
752 527 903 564 Fallere
943 537 1069 565 autem
1106 529 1159 564 ita
1191 541 1231 564 se
1263 540 1395 574 posse,
1435 529 1486 571 si,
1524 542 1653 565 muros
1684 542 1707 565 a

293 601 400 640 parte
432 594 508 631 alia
547 596 660 631 scalis
692 596 868 641 adortuS,
908 598 1069 633 tumultu
1103 597 1260 641 iniecto,
1298 598 1334 633 in
1376 598 1586 635 custodium
1626 599 1705 634 eius

290 663 363 699 loci
395 674 698 713 propugnatores
731 667 834 702 urbis
855 667 1067 702 avertisset.
1125 667 1246 703 Erant
1277 667 1313 702 in
1341 667 1516 713 praesidio
1539 666 1705 704 Cassan-

291 734 412 778 drcae,
460 743 596 781 praeter
648 748 725 771 non
767 736 1081 771 contemnendam
1134 736 1366 771 iuventutem
1414 736 1705 783 oppidanorum,

292 802 430 840 DCCC
447 805 652 851 Agrianes,
680 812 717 840 et
733 805 808 840 dno
831 805 936 840 milia
953 806 1203 841 Penestarum
1221 805 1450 853 lllyriorum.
1482 818 1504 841 a
1523 805 1704 842 Pleurato

291 873 377 909 inde
407 873 524 914 missi,
557 874 775 910 bellicosum
809 883 1010 921 utrumque
1044 886 1175 922 genus.
1236 874 1308 910 Ilis
1340 874 1531 911 tuentibus
1563 887 1704 919 muros,

290 954 373 978 cuin
414 944 541 979 subire
570 945 734 981 Romani
765 957 916 980 summa
953 944 989 979 vi
1028 944 1255 988 niterentur,
1301 951 1492 980 momento
1522 945 1704 991 temporis

291 1013 453 1059 parietes
495 1014 680 1050 fornicum
725 1013 886 1062 perfossi
918 1015 1048 1049 urbem
1090 1013 1363 1060 patefecerunt.
1423 1013 1536 1059 Quod
1564 1013 1607 1059 si,
1640 1014 1703 1061 qui

288 1081 557 1130 inrumperent,
580 1084 716 1119 armati
734 1085 904 1120 fuissent.
922 1084 1111 1130 extemplo
1134 1084 1333 1130 cepissent.
1364 1084 1450 1119 Hoc
1472 1083 1535 1118 ubi
1557 1082 1702 1129 perfec-

290 1161 366 1186 tum
390 1164 472 1187 esse
493 1164 589 1198 opus
611 1153 791 1189 militibus
813 1153 1025 1189 nuntiatum
1050 1160 1117 1197 est,
1148 1153 1352 1189 clamorem
1386 1153 1531 1189 alacres
1559 1153 1701 1201 gaudio

288 1228 441 1267 repente
472 1221 619 1266 tollunt,
651 1221 714 1257 alii
746 1229 854 1268 parte
885 1223 961 1258 alia
991 1223 1028 1258 in
1060 1223 1190 1258 urbem
1222 1222 1421 1269 inrupturi.

397 1290 540 1326 Hostes
579 1291 740 1337 primum
782 1292 984 1328 admiratio
1017 1291 1135 1338 cepit,
1168 1292 1349 1339 quidnam
1380 1293 1450 1329 sibi
1483 1293 1701 1340 repentinus

287 1361 432 1396 clamor
462 1360 586 1396 vellet.
645 1361 860 1409 Postquam
892 1370 1022 1408 patere
1051 1362 1180 1397 urbem
1205 1374 1386 1408 accepere
1407 1362 1574 1408 praefecti
1606 1375 1699 1409 prae-

287 1430 371 1466 sidii
392 1430 519 1478 Pytho
551 1437 587 1465 et
608 1429 827 1477 Philippus,
860 1444 928 1479 pro
959 1444 1025 1476 eo,
1057 1432 1119 1479 qui
1147 1439 1371 1478 occupasset
1400 1431 1571 1480 adgredi,
1605 1444 1700 1479 opus

285 1499 425 1535 factum
469 1512 552 1535 esse
595 1499 686 1543 rati,
727 1512 811 1536 cum
843 1501 971 1537 valida
1012 1514 1124 1537 mauu
1158 1500 1372 1548 Agrianum
1403 1500 1700 1549 Illyriorumque

283 1575 486 1616 erumpunt
526 1570 819 1616 Romanosque,
861 1570 924 1618 qui
958 1570 1021 1606 alii
1057 1570 1210 1606 aliunde
1240 1571 1394 1606 coibant
1429 1571 1699 1607 convocaban-

284 1647 431 1686 turque,
462 1646 500 1674 ut
532 1639 641 1686 signa
663 1639 700 1674 in
723 1640 852 1675 urbem
886 1639 1080 1684 inferrent,
1112 1640 1371 1686 inconpositos
1401 1639 1526 1687 adque
1556 1639 1697 1676 inordi-

282 1716 393 1743 natos
429 1708 562 1756 fugant
604 1717 927 1756 persecunturque
974 1709 1023 1744 ad
1063 1709 1227 1750 fossam,
1268 1709 1305 1744 in
1347 1722 1460 1757 quam
1493 1710 1696 1757 conpulsos

282 1777 391 1813 ruina
429 1778 633 1815 cumulant.
702 1777 774 1815 DC
814 1778 934 1814 ferme
976 1778 1027 1814 ibi
1064 1778 1272 1822 interfecti,
1317 1791 1525 1827 omnesque
1567 1792 1695 1827 prope,

282 1848 346 1895 qui
376 1847 473 1883 inter
503 1860 652 1883 murum
686 1847 907 1896 fossamque
946 1848 1121 1895 deprensi
1155 1854 1281 1891 erant,
1318 1848 1574 1885 voluerantur.
1636 1850 1696 1886 Ita

280 1929 348 1952 suo
378 1917 459 1964 ipse
490 1924 628 1953 conatu
652 1918 846 1965 perculsus
868 1925 1007 1965 praetor
1027 1917 1181 1966 segnior
1212 1917 1260 1952 ad
1291 1917 1367 1952 alia
1392 1916 1515 1954 sactus
1537 1919 1696 1955 consilia

279 1993 371 2022 erat.
432 1987 482 2023 Et
518 2000 565 2023 ne
604 1987 766 2024 Eumeni
810 1988 985 2035 quidem,
1023 1987 1135 2023 simul
1175 1999 1198 2023 a
1239 1987 1354 2033 mari,
1391 1987 1502 2024 simul
1541 2002 1563 2026 a
1592 1997 1695 2026 terra

279 2056 526 2104 aggredienti,
558 2057 766 2105 quidquam
796 2058 887 2094 satis
911 2057 1152 2104 procedebat.
1215 2057 1363 2093 Placuit
1387 2057 1501 2106 igitur
1530 2058 1692 2106 utrique,

279 2214 295 2240 5
323 2220 389 2250 qun
416 2216 561 2240 ueterem
589 2207 660 2249 My.
714 2211 732 2237 6
759 2214 940 2239 structosse
966 2208 1143 2238 consilium
1217 2206 1248 2243 6,
1279 2211 1290 2237 1
1321 2208 1432 2248 coepit
1452 2206 1459 2249 Ι
1480 2207 1559 2239 item
1586 2209 1620 2239 in
1671 2212 1688 2239 2

278 2278 389 2309 fauere
416 2284 525 2308 autem
576 2282 595 2306 4
623 2276 825 2307 auertissent
873 2275 936 2313 7,l
966 2276 1000 2306 in
1018 2276 1174 2316 praesidio
1201 2285 1258 2306 cns
1284 2281 1405 2317 praeter
1453 2279 1473 2307 2
1500 2266 1689 2319 contempt-

277 2336 422 2366 nendam
488 2339 508 2365 3
535 2343 625 2365 accc.
690 2333 724 2373 8,
753 2339 770 2364 2
807 2343 946 2364 romano
1007 2338 1027 2363 4
1053 2333 1365 2374 inrupcrcinarmati
1392 2333 1537 2365 Perizon.
1567 2335 1686 2377 (Gr-yn.

277 2394 441 2433 irrupere,
465 2391 600 2430 armati)
650 2390 687 2427 9,
715 2394 734 2421 3
761 2391 837 2421 aliis
864 2407 907 2412 ——
933 2391 1146 2431 inrupturum
1177 2389 1274 2421 Gron.
1303 2389 1394 2422 Fari.
1421 2391 1543 2423 tollunt
1568 2398 1605 2422 ut
1630 2392 1686 2423 alii

279 2466 314 2470 ·-
344 2447 416 2479 Em.
444 2448 519 2478 5157
549 2448 667 2490 (Gryn.
695 2448 768 2479 aliis
797 2465 836 2470 —
865 2447 1071 2488 irrupturis.)
1147 2447 1235 2486 XII,
1264 2447 1304 2485 1,
1342 2451 1355 2478 1
1394 2448 1500 2480 hostis
1521 2448 1526 2490 l
1549 2449 1685 2489 quidam

274 2518 305 2554 2,
337 2521 348 2547 l
377 2505 694 2557 postquamapntere
739 2520 757 2547 2
780 2517 883 2557 phyto
901 2517 903 2555 j
921 2526 1025 2558 proco
1064 2515 1208 2546 Freinsh.
1237 2515 1353 2558 (Gryn.
1370 2516 1549 2558 Philippus
1562 2516 1684 2554 Proco.

275 2574 350 2613 qui)
410 2578 430 2604 3
457 2573 593 2604 ualidoa
643 2578 661 2604 4
681 2579 873 2614 etrumpunt
920 2572 952 2611 3,
984 2577 994 2603 l
1026 2573 1207 2603 aliuliunde
1259 2578 1277 2603 2
1304 2572 1476 2604 adferrent
1524 2577 1543 2604 3
1570 2573 1683 2614 fugam

275 2636 492 2671 persecuntur
517 2631 626 2670 adque
650 2630 774 2662 fossam
825 2631 860 2660 in
886 2640 950 2670 qua
1025 2634 1042 2660 4
1069 2620 1118 2661 {cl
1170 2630 1202 2663 4,
1229 2635 1248 2660 4
1276 2631 1473 2670 ingredienti
