1753 2934
179 221 222 256 13

143 564 195 608 26

310 103 387 138 242
672 101 773 132 Liber
798 101 906 132 XLV.
959 102 1018 140 (Α.
1039 111 1070 132 u.
1092 112 1119 132 c.
1143 103 1236 140 587.)

255 222 436 270 populum
471 228 614 269 posset.
692 222 813 257 Missa
843 222 958 270 igitur
987 222 1193 267 iuventute,
1224 235 1386 271 propere
1416 230 1453 260 et
1485 224 1666 266 Caunios,

255 304 489 339 quamquam
527 290 799 339 Cibyratarum
832 291 1047 328 asciverant
1077 292 1232 336 auxilia,
1272 300 1478 341 coegerunt
1507 293 1665 342 imperio

255 374 391 408 parere
444 367 479 396 ct
532 361 773 409 Mylasenses
818 361 1213 410 Alabandensesque,
1261 363 1325 410 qui
1373 362 1665 399 Euromensium

254 430 492 478 provinciam
517 431 738 479 ademptum
762 437 796 467 et
819 431 890 479 ipsi
913 431 1114 469 coniuncto
1145 433 1311 469 exercitu
1343 439 1537 475 venerant,
1567 431 1666 468 circa

255 500 477 537 Orthosiam
515 501 596 537 acie
627 501 812 536 vicerunt.

368 570 470 606 Dum
502 571 582 606 haec
615 571 679 610 ibi,
730 570 806 606 alia
837 570 874 605 in
905 570 1155 614 Macedonia,
1204 571 1280 606 alia
1311 572 1444 607 Romae
1473 577 1669 619 geruntur,

254 640 401 675 interim
437 642 471 674 in
506 639 658 688 Illyrico
693 639 736 677 L.
760 639 933 684 Anicius,
963 652 1053 687 rege
1084 639 1248 684 Gentio,
1279 641 1374 676 sicut
1408 648 1496 676 ante
1526 640 1668 675 dictum

257 715 337 750 cst,
371 709 408 745 in
442 716 671 757 potestatem
702 710 880 753 redacto,
919 709 1085 754 Scodrae,
1135 722 1218 757 quae
1249 710 1355 758 regia
1384 709 1521 753 fuerat,
1570 720 1669 756 prae-

254 779 351 815 sidio
384 779 550 827 inposito
583 778 794 816 Gabinium
827 778 1009 826 praefecit,
1041 779 1202 816 Rhizoni
1239 786 1273 814 et
1306 779 1479 822 Olcinio,
1512 779 1669 815 urbibus

255 849 493 898 opportunis,
525 848 567 885 C.
602 849 802 885 Licinium.
863 849 1086 898 Praepositis
1116 849 1174 886 his
1206 849 1384 897 Illyrico,
1414 861 1493 886 cum
1522 848 1669 896 reliquo

254 920 422 956 exercitu
455 920 492 955 in
525 918 683 967 Epirum
718 925 774 954 est
804 919 1022 967 profectus3
1063 920 1127 956 nbi
1166 919 1290 968 prima
1321 920 1501 956 Phanota
1540 918 1573 955 ei
1604 918 1668 954 de-

255 990 333 1026 dita
365 996 432 1032 est,
465 989 567 1025 omni
605 988 846 1024 multitudine
878 1001 962 1025 cum
1002 989 1130 1026 insulis
1170 991 1324 1026 obviam
1363 988 1497 1026 effusa.
1557 988 1670 1032 Hinc,

254 1060 430 1108 praesidio
462 1059 651 1108 inposito,
692 1058 729 1094 in
761 1058 1009 1096 Molossidem
1043 1067 1326 1108 transgressuS,
1357 1059 1463 1096 cuius
1495 1057 1670 1094 omnibus

255 1130 406 1178 oppidis
440 1135 578 1178 praeter
609 1129 866 1165 Passaronem
902 1136 938 1165 et
959 1130 1192 1166 Tecmonem
1226 1137 1261 1166 et
1282 1130 1478 1178 Phylacen
1508 1134 1545 1164 et
1566 1128 1670 1163 Ilor-

255 1212 361 1235 reum
403 1199 589 1246 receptis,
640 1199 802 1246 primum
836 1199 885 1234 ad
915 1199 1172 1235 Passaronem
1217 1200 1330 1235 ducit.
1408 1198 1602 1235 Antinous
1634 1203 1671 1233 et

255 1268 482 1303 Theodotus
529 1268 720 1316 principes
761 1268 840 1304 eius
880 1269 1044 1305 civitatis
1084 1276 1213 1313 erant,
1263 1269 1430 1317 insignes
1472 1276 1507 1303 et
1538 1269 1672 1303 favore

255 1338 386 1375 Persei
417 1344 454 1373 et
484 1338 573 1374 odio
607 1339 791 1374 adversus
822 1340 1042 1382 Romanos,
1074 1339 1186 1374 iidem
1220 1339 1407 1374 universae
1445 1337 1546 1385 genti
1581 1349 1670 1374 auc-

256 1415 357 1445 tores
400 1408 637 1445 desciscendi
669 1409 716 1444 ab
749 1409 948 1446 Romanis.
1006 1409 1060 1444 Ili
1091 1409 1323 1445 conscientia
1356 1409 1516 1457 privata:
1548 1419 1669 1452 noxae,

256 1479 346 1526 quia
377 1479 468 1527 ipsis
499 1478 604 1514 nulla
648 1491 734 1527 spes
766 1478 886 1514 veniae
924 1484 1027 1523 erat,
1071 1485 1112 1514 nt
1155 1479 1345 1515 communi
1389 1477 1499 1514 ruina
1538 1477 1671 1525 patriae

257 1549 588 1597 opprimerentur,
635 1549 852 1585 clauserunt
883 1561 1038 1597 portas,
1086 1549 1384 1593 multitudinem,
1430 1554 1470 1582 ut
1509 1554 1669 1583 mortem

257 1619 430 1655 servituti
464 1625 741 1666 praeponerent,
771 1620 981 1655 hortantes.
1040 1620 1167 1656 Nemo
1197 1619 1382 1655 adversus
1416 1625 1669 1666 praepotentes

257 1690 358 1725 viros
391 1689 539 1724 hiscere
570 1688 748 1724 audebat.
827 1690 1002 1725 Tandem
1034 1689 1260 1725 Theodotus
1305 1688 1483 1736 qnidam,
1531 1686 1670 1722 nobilis

256 1767 292 1795 et
325 1760 408 1808 ipse
443 1758 691 1802 adulescens,
737 1771 820 1795 cum
855 1759 978 1794 maior
1007 1772 1030 1794 a
1061 1759 1248 1795 Romanis
1289 1763 1411 1794 metus
1443 1757 1616 1793 timorem
1647 1768 1670 1792 a

258 1974 312 2011 13,
344 1978 355 2005 1
382 1975 591 2004 iuuentutem
644 1976 662 2003 2
691 1972 916 2012 cybiratarum
967 1975 985 2001 3
1012 1981 1130 2012 parare
1153 1968 1158 2012 Ι
1181 1968 1671 2010 mylassensisalabandenique

258 2032 313 2071 qui
341 2032 595 2062 alabandcsium
623 2029 914 2061 curoaemensium
943 2028 1014 2070 My.
1031 2028 1103 2059 Em.
1124 2027 1195 2059 (2¹05
1222 2034 1249 2058 et
1271 2026 1436 2058 Bethor-us
1462 2026 1670 2067 (G7·y›1.My-

256 2090 407 2120 lasenses
434 2086 762 2127 Alabandenosque)
813 2091 832 2117 4
860 2087 1035 2128 prouincia
1062 2087 1255 2126 ademptum
1292 2085 1541 2124 ll⁷e125s.((1'ry11.
1563 2084 1671 2114 Euro-

258 2147 423 2178 mensium
450 2146 629 2187 provincia
656 2145 831 2185 adempta)
855 2144 861 2184 Ι
883 2146 923 2175 ad
951 2144 1024 2185 (pro
1050 2144 1095 2185 ct)
1123 2145 1213 2185 ipsos
1242 2142 1312 2184 My.
1336 2142 1408 2173 Em.
1441 2142 1512 2172 605
1541 2143 1543 2180 Ι
1567 2149 1671 2171 uene-

258 2211 334 2235 runt
362 2204 433 2245 My.
460 2203 521 2235 Le.
575 2207 592 2233 5
610 2203 770 2234 ortusiam
799 2212 840 2233 an
867 2203 939 2233 acie
997 2202 1128 2240 XXVI,
1157 2201 1188 2238 1,
1215 2205 1226 2231 l
1258 2209 1359 2231 romoe
1386 2200 1418 2230 in
1451 2199 1523 2229 asia
1551 2203 1672 2238 gerunt

258 2263 391 2293 interim
418 2262 550 2302 illyrico
601 2265 620 2292 3
647 2265 815 2302 potestate
864 2259 898 2297 2,
928 2263 940 2290 l
971 2258 1104 2290 suen-ant
1153 2262 1171 2289 2
1199 2258 1380 2298 gubenium
1407 2256 1592 2288 Proenomen
1617 2267 1671 2286 ex-

259 2330 371 2362 cidisse
386 2330 494 2362 Drak.
520 2329 609 2361 vicht.
630 2332 681 2368 {et
705 2329 830 2360 locinio
857 2316 929 2360 urs).
947 2329 1144 2369 opportunis
1171 2331 1190 2357 3
1207 2338 1234 2358 c.
1255 2326 1389 2357 licinius
1439 2325 1472 2363 3,
1497 2329 1506 2355 1
1530 2325 1671 2365 inlyrico

259 2389 389 2429 reliqua
407 2389 592 2418 exercitum
622 2392 639 2418 2
656 2397 792 2427 epyrum
810 2385 813 2425 l
828 2392 955 2427 panota
970 2386 972 2425 ‘4
988 2387 1101 2416 dedita
1127 2383 1579 2417 totomniummultitudinem
1598 2381 1668 2423 My.

259 2446 331 2477 L'm.
352 2446 446 2483 0¹0(st
471 2445 613 2476 similiter
639 2445 699 2476 iam
724 2444 832 2477 ll'ez‘ss.
851 2444 968 2485 (Ην-9η.
990 2443 1113 2480 dedita,
1141 2449 1208 2474 tota
1236 2440 1466 2480 multitudine)
1504 2439 1670 2470 3insu1-iis

257 2503 289 2541 4,
322 2508 332 2534 l
364 2504 417 2534 hic
444 2504 598 2544 praesidio
617 2502 706 2533 Dzdc.
746 2506 764 2532 2
792 2501 990 2533 molosidem
1013 2501 1103 2532 Fore.
1131 2507 1356 2540 transgressus
1382 2505 1433 2530 est
1481 2502 1500 2529 3
1528 2498 1671 2538 oppidiis

262 2563 472 2601 :tegmonem
489 2559 599 2601 Siyon.
618 2561 621 2602 Ι
638 2567 670 2591 ct
695 2560 862 2601 pilaceum
900 2563 919 2589 4
947 2559 1079 2589 ducitur
1129 2557 1160 2596 5,
1187 2562 1206 2589 3
1233 2558 1322 2588 idem
1341 2555 1344 2597 Ι
1361 2556 1470 2597 gentis
1519 2555 1551 2593 6,
1582 2559 1593 2585 l
1616 2555 1672 2586 hic

260 2619 467 2650 conscicntia
496 2616 497 2639 l
527 2629 617 2648 noxa
667 2622 685 2648 2
717 2618 831 2648 ueniet
859 2622 930 2648 erat
979 2621 998 2648 3
1025 2616 1252 2658 opprimerent
1300 2615 1332 2653 7,
1363 2618 1376 2646 1
1405 2614 1619 2655 praepotentis
