1742 2902
455 132 556 163 Liber
582 132 692 163 XLII.
747 133 805 167 (A.
835 131 913 164 Chr.
947 134 1038 175 171.)
1353 137 1401 171 89

781 213 801 227 Χ

45 258 94 294 ab
124 255 284 293 Rhodiis
314 260 487 302 speraret
517 261 582 291 aut
613 260 758 303 peteret
786 268 875 300 rex,
907 256 1010 304 quod
1041 262 1206 292 veterem
1239 255 1458 300 amicitiam,

45 326 170 364 multis
202 324 426 373 magnisque
449 325 591 360 meritis
622 337 717 372 pace
746 326 922 374 belloque
950 334 1114 374 partam,
1145 327 1357 374 diiungeret
1386 326 1458 362 sibi

46 409 90 433 ac
119 395 316 432 Romanis.
375 395 439 429 Ab
471 395 608 431 Rhodo
645 395 845 431 redeuntes
885 397 1043 432 Boeotiae
1082 409 1234 444 quoque
1271 396 1456 440 civitates,

44 466 200 504 Thebas
226 471 262 500 et
284 463 500 499 Coroneam
523 471 559 499 et
585 465 818 507 Haliartum,
850 466 1035 509 adierunt,
1067 467 1204 513 quibus
1234 479 1456 514 expressum

43 535 171 572 invitis
197 534 508 578 existimabatur,
540 541 598 577 ut,
628 534 761 570 relicta
794 535 900 582 regia
931 535 1134 579 societate,
1176 536 1361 572 Romanis
1392 536 1457 570 ad-

43 605 299 652 iungerentur.
360 604 535 639 Thebani
568 604 659 639 nihil
695 604 785 639 moti
816 610 924 646 sunt,
956 617 1190 652 quamquam
1223 605 1393 641 nonnihil
1424 612 1459 641 et

44 674 233 711 damnatis
264 673 499 721 principibus
529 680 566 709 et
595 673 777 709 restitutis
809 675 982 710 exulibus
1020 676 1294 711 succensebant
1316 676 1458 711 Roma-

44 744 113 780 nis.
173 742 349 780 Coronaei
380 750 417 779 et
448 743 639 785 Haliartii,
674 743 809 779 favore
841 744 1006 790 quodam
1038 745 1150 780 insito
1182 745 1218 780 in
1252 757 1374 792 reges,
1406 744 1457 779 le-

43 821 154 863 gatos
184 814 221 849 in
265 813 533 849 Macedoniam
575 812 780 856 miserunt,
821 814 1037 860 praesidium
1082 822 1274 862 petentes,
1314 828 1389 862 quo
1421 827 1460 851 se

44 884 227 921 adversus
278 883 512 930 inpotentem
554 883 772 929 superbiam
824 883 1098 919 Thebanorum
1153 885 1248 920 tueri
1300 885 1459 932 possint.

0 939 1 942 Ἴ
44 952 114 990 Cui
153 952 335 1001 legationi
376 964 600 999 responsum
641 953 689 987 ab
731 964 821 999 rege
855 958 932 997 est,
970 953 1187 1000 praesidium
1228 966 1269 989 se
1305 961 1461 1001 propter

42 1022 208 1059 indutias
249 1034 333 1058 cum
374 1010 560 1057 Romanis
602 1020 726 1057 factas
767 1021 914 1057 mittere
956 1035 1031 1058 non
1070 1034 1204 1070 posse3
1243 1032 1369 1059 tamen
1408 1023 1462 1058 ita

42 1092 204 1129 suadere
233 1092 281 1127 ab
303 1092 577 1127 Thebanorum
607 1091 764 1136 iniuriis,
787 1104 863 1138 qua
884 1098 1051 1139 possent,
1083 1099 1123 1128 ut
1152 1104 1192 1128 se
1212 1093 1461 1137 vindicarent,

43 1175 90 1199 ne
120 1162 306 1199 Romanis
336 1162 549 1209 praeberent
580 1173 737 1197 causam
769 1161 806 1196 in
837 1174 880 1197 se
910 1162 1102 1197 saeviendi.

154 1232 324 1268 Marcius
356 1238 392 1267 et
421 1231 564 1268 Atilius
595 1232 759 1268 Romam
792 1244 875 1267 cum
909 1232 1119 1275 venissent,
1163 1231 1391 1279 legationem
1422 1231 1460 1267 in

44 1301 236 1350 Capitolio
267 1302 321 1337 ita
350 1302 627 1345 renuntiarunt,
658 1307 699 1336 ut
728 1301 832 1336 nulla
854 1314 894 1337 re
918 1302 1039 1349 magis
1067 1302 1324 1349 gloriarentur
1345 1314 1460 1348 quam

43 1373 202 1420 decepto
244 1385 313 1420 per
348 1372 515 1407 indutias
556 1377 592 1407 et
632 1382 737 1418 spem
770 1372 874 1418 pacis
905 1384 1006 1419 rege.
1066 1372 1178 1409 Adeo
1210 1372 1307 1408 enim
1340 1385 1460 1420 appa-

43 1443 189 1479 ratibus
222 1442 311 1478 belli
343 1441 459 1477 fuisse
486 1441 724 1484 instructum,
754 1441 847 1488 ipsis
878 1442 981 1477 nulla
1011 1449 1149 1490 parata
1179 1455 1232 1486 re,
1264 1448 1303 1478 ut
1334 1443 1462 1478 omnia.

44 1519 261 1561 opportuna
282 1512 367 1547 loca
389 1511 649 1560 praeoccupari
682 1518 769 1546 ante
801 1511 849 1546 ab
878 1524 922 1547 eo
946 1512 1149 1559 potuerint,
1181 1525 1295 1559 quam
1319 1512 1463 1547 exerci-

44 1589 102 1619 tus
134 1582 171 1618 in
194 1581 385 1619 Graeciam
417 1581 653 1617 traiceretur.
716 1580 851 1628 Spatio
884 1589 1011 1617 autem
1034 1582 1266 1617 indutiarum
1298 1587 1464 1629 sumpto,

45 1664 162 1688 aecum
207 1658 435 1701 venturum,
465 1651 567 1686 illum
610 1650 728 1686 nihilo
760 1650 1013 1698 paratiorem,
1050 1653 1249 1688 Romanos
1290 1651 1465 1686 omnibus

44 1721 303 1758 instructiores
346 1722 460 1757 rebus
505 1727 697 1769 coepturos
737 1720 891 1758 bellum.
961 1721 1186 1757 Boeotorum
1233 1734 1386 1769 quoque
1425 1733 1465 1756 se

46 1791 245 1827 concilium
282 1798 363 1827 arte
394 1791 637 1835 distraxisse,
676 1803 724 1826 ne
756 1791 934 1838 coniungi
965 1791 1129 1839 amplius
1160 1792 1237 1827 ullo
1278 1802 1465 1827 consensu

46 1859 323 1897 Macedonibus
367 1868 533 1909 possent.
602 1862 696 1897 Haee
740 1867 781 1897 ut
820 1874 970 1897 summa
1006 1861 1154 1897 ratione
1195 1868 1281 1897 acta
1323 1873 1464 1909 magna

46 1943 136 1980 pars
174 1937 328 1967 senatus
366 1931 626 1979 adprobabat3
669 1938 817 1967 veteres
857 1937 893 1967 et
930 1931 1047 1966 moris
1088 1931 1234 1978 antiqui
1275 1942 1463 1966 memores

47 2002 239 2049 negabant
269 2013 310 2037 se
340 2001 377 2036 in
418 2014 463 2037 ea
502 2001 694 2048 legatione
724 2002 922 2038 Romanas
960 2013 1169 2048 agnoscere
1199 2007 1313 2038 arteS.
1372 2001 1463 2037 Non

48 2083 115 2120 per
144 2072 300 2108 insidias
331 2077 368 2107 et
397 2078 584 2107 nocturna
611 2071 745 2119 proelia
775 2083 845 2106 nec
871 2070 1088 2106 simulatam
1126 2069 1257 2117 fugam
1295 2069 1464 2118 inprovi-

31 2238 82 2276 -6,
109 2242 127 2268 2
152 2245 324 2280 separaret
345 2239 349 2279 Ι
372 2241 452 2279 quid
513 2244 532 2270 4
565 2240 607 2270 ab
635 2241 784 2271 romanis
813 2239 883 2280 My.
906 2239 978 2270 Em.
1002 2238 1077 2269 536
1140 2238 1170 2275 7,
1203 2242 1215 2269 l
1247 2239 1367 2269 boetiae
1390 2239 1394 2276 l
1417 2239 1463 2269 ci-

50 2296 170 2327 uitates
202 2302 234 2327 et
266 2297 384 2328 thebas
413 2297 483 2338 Ally.
513 2297 532 2328 l.
561 2309 587 2328 c.
665 2302 682 2329 2
719 2307 898 2327 coroneam
928 2297 1194 2327 metaliaromam
1223 2297 1378 2327 adierunt
1443 2300 1462 2326 3

49 2352 176 2384 inuitiis
199 2355 204 2392 l
226 2354 466 2394 adiungeretur
545 2355 577 2392 8,
597 2359 608 2385 l
640 2362 717 2386 sunt
735 2360 768 2384 et
793 2364 996 2394 quamquam
1018 2354 1099 2384 nihil
1119 2360 1151 2384 ct
1217 2354 1248 2391 9,
1280 2358 1291 2384 l
1321 2354 1464 2384 haliarte

50 2408 104 2447 10,
128 2414 140 2441 l
163 2412 206 2441 ad
232 2421 309 2451 rege
355 2416 372 2442 2
405 2412 503 2454 Gryn.
533 2418 645 2443 tumen
672 2413 815 2443 suadere
846 2412 893 2441 ita
933 2416 951 2442 3
971 2412 1213 2442 adtcbanorum
1260 2411 1405 2443 XLVII.
1433 2410 1464 2448 l,

52 2470 71 2498 2
97 2478 195 2509 quem
241 2469 272 2507 2,
297 2473 308 2500 1
335 2470 377 2500 ab
403 2480 441 2500 eo
467 2471 554 2500 enim
603 2470 635 2507 3,
658 2474 670 2500 l
694 2475 829 2510 sumpto
848 2469 978 2499 haecum
997 2475 1176 2499 uenturum
1196 2468 1267 2510 My.
1285 2468 1358 2499 Em.
1375 2467 1465 2506 5373

51 2523 108 2555 sed
126 2527 271 2566 sortasse
293 2527 365 2568 suit
394 2528 428 2557 in
461 2537 592 2568 aequum
625 2533 797 2558 venturos.
850 2524 1028 2568 Seyffercus
1062 2536 1132 2557 rem
1164 2527 1198 2556 in
1225 2536 1356 2567 aequum
1384 2534 1464 2555 ven-

52 2585 162 2614 turam
194 2587 212 2614 3
240 2584 415 2615 boetorum
456 2588 476 2615 4
502 2585 740 2616 distraxissent
762 2585 767 2623 Ι
790 2585 925 2624 coniugi
973 2583 1006 2621 4.
1034 2588 1052 2614 2
1080 2583 1272 2625 adprobat!
1296 2588 1329 2614 et
1355 2591 1464 2614 mores

53 2642 72 2669 8
99 2649 189 2672 arces
238 2640 270 2680 5,
297 2645 315 2672 2
341 2648 524 2674 nocturnas
546 2644 551 2683 Ι
573 2652 614 2673 ne
640 2642 834 2673 simulatam
855 2641 860 2681 Ι
882 2641 1142 2682 inprobieosque

1491 595 1513 641 α),

1498 954 1507 986 l

1494 1375 1513 1407 Na

1497 2005 1516 2036 0!

1520 954 1540 985 (t

1517 1228 1569 1272 47
