1753 2934
569 156 642 187 Lib.
668 156 1020 188 XXXII—XXXVI.
1387 159 1435 192 35

93 287 237 327 volebat,
264 287 480 328 liberatisque
498 287 612 325 Argis,
639 287 694 326 qui
722 287 783 318 sub
810 287 942 318 dicione
971 287 1101 327 tyranni
1128 293 1232 325 crant,
1258 287 1374 318 finivit.
1427 287 1492 318 Res

89 353 250 389 praetcrea
286 349 317 379 in
351 349 514 390 Hispania
546 354 578 379 ct
608 349 768 380 adversus
797 349 898 379 Boios
936 354 969 378 et
1005 347 1161 378 Insubres
1195 346 1313 379 Gallos
1352 349 1494 380 feliciter

91 415 193 449 gestae
221 409 418 441 reseruntur.
472 410 617 441 Senatus
643 414 721 439 tunc
747 409 889 449 primum
917 414 1065 439 secretus
1087 419 1105 439 a
1124 408 1248 449 populo
1275 410 1372 441 ludos
1399 419 1492 451 spec-

91 471 183 501 tavit.
234 469 278 501 ld
301 476 335 501 ut
361 471 465 508 fieret,
503 471 581 502 Sex.
608 470 719 501 AElius
745 470 857 501 Paetus
890 476 923 499 ct
950 469 987 500 C.
1015 468 1193 500 Cornelius
1222 470 1389 510 Cethegus
1416 481 1492 501 cen-

91 541 183 562 sores
210 532 463 563 intervenerunt.
489 542 562 562 cum
591 532 823 571 indignatione
850 531 964 571 plebis.
1028 530 1177 561 Coloniae
1204 531 1313 572 plures
1341 533 1491 563 deductae

90 600 177 624 sunt.
229 593 275 624 M.
304 593 444 624 Porcius
473 593 556 624 Cato
598 594 638 623 ‹le
664 593 828 633 Hispania
862 592 1089 632 triumphavit.
1139 592 1180 622 Τ.
1209 592 1387 630 Quinctius
1414 594 1492 624 Fla-

90 654 246 691 mininus,
269 655 324 694 qui
340 655 533 696 Philippum
553 654 775 685 Macedonum
793 663 903 692 regem
925 661 957 684 ct
975 653 1140 684 Nabidem
1161 654 1490 686 Lacedaemoniorum

90 724 266 756 tyrannum
294 717 420 747 vicerat
449 716 680 755 Graeciamque
706 725 835 746 omnem
863 715 1080 754 liberaverat,
1115 716 1158 745 ol)
1191 715 1274 745 hanc
1302 726 1408 746 rerum
1435 726 1492 756 ge·

89 783 214 808 starum
241 777 487 808 multitudinem
512 777 623 807 triduo
644 777 867 817 triumphavit.
920 777 1037 815 Legati
1057 777 1383 816 Carthaginiensium
1407 787 1492 808 nun-

89 840 254 869 tiaverunt
280 838 527 869 Hannibalem.
565 838 620 877 qui
647 839 687 867 ad
717 838 922 869 Antiochum
952 838 1166 877 confugerat.
1198 838 1322 868 bellum
1351 849 1424 869 cum
1453 849 1491 869 co

88 900 208 931 moliri.
274 900 476 931 Tentaverat
533 905 641 929 autem
686 899 856 929 Hannibal
900 908 958 938 per
999 899 1194 929 Aristonem
1241 899 1375 939 Tyrium
1422 901 1491 931 sine

88 962 206 993 litteris
233 961 474 1001 Carthaginem
503 961 641 991 missum
667 961 708 989 ad
737 960 930 990 bellandum
959 960 1080 990 Poenos
1107 961 1288 991 concitare.

614 1067 675 1098 EX
698 1066 785 1098 LlB.
813 1066 961 1097 XXXV.

180 1144 218 1175 Ρ.
253 1144 364 1184 Scipio
392 1142 574 1174 Africanus
613 1143 745 1182 legatus
783 1144 823 1173 ad
858 1143 1065 1174 Antiochum
1102 1143 1221 1172 missus
1257 1142 1379 1183 Ephesi
1417 1154 1490 1175 curn

85 1206 294 1237 Hannibale.
333 1206 387 1245 qui
423 1214 457 1235 se
487 1204 657 1235 Antiocho
688 1205 909 1240 adiunxerat,
949 1205 1136 1235 collocutus
1171 1211 1238 1243 est,
1278 1211 1329 1236 ut.
1369 1207 1394 1236 si
1420 1207 1490 1237 fieri

85 1273 206 1308 posset,
233 1274 357 1298 metum
375 1268 417 1305 ei,
444 1276 540 1307 quem
561 1276 603 1296 ex
625 1267 750 1307 populo
765 1266 919 1297 Romano
940 1271 1151 1306 conceperat,
1178 1266 1350 1297 eximeret.
1401 1267 1493 1298 Inter

85 1330 150 1359 alia
191 1338 292 1369 quum
333 1333 512 1368 quaereret,
550 1338 647 1367 quem
688 1328 791 1358 fuisse
824 1329 1008 1358 maximum
1048 1328 1281 1368 imperatorem
1320 1328 1490 1360 Hannibal

85 1391 243 1431 erederet,
270 1390 453 1431 respondit.
483 1389 714 1419 Alexandrum
743 1389 968 1420 Macedonum
996 1398 1120 1428 regem.
1149 1390 1237 1428 quod
1263 1400 1364 1429 parva
1391 1400 1488 1421 manu

85 1450 348 1481 innumerabiles
387 1451 555 1481 exereitus
589 1450 729 1481 fudisset
766 1451 921 1491 quodque
957 1451 1092 1480 ultimas
1129 1460 1221 1485 oras,
1264 1460 1347 1490 quas
1385 1452 1489 1483 visere

85 1522 186 1554 supra
211 1521 305 1552 spem
332 1512 512 1542 humanam
541 1518 647 1546 essct,
674 1519 895 1551 peragrasset.
955 1511 1122 1549 Quaerenti
1149 1511 1283 1549 deinde,
1311 1522 1409 1552 quem
1439 1523 1489 1545 se—

84 1573 228 1604 cundum
254 1579 403 1613 poneret,
437 1573 644 1614 „Pyrrhum”
672 1574 796 1613 inquit3
823 1579 931 1604 eastra
956 1573 1071 1602 metari
1090 1572 1234 1613 primum
1253 1574 1419 1611 docuisse,
1446 1576 1487 1605 ad

85 1633 149 1664 hoc
172 1635 337 1665 neminem
358 1634 546 1674 elegantius
568 1635 642 1666 loca
661 1636 800 1676 cepisse,
827 1634 983 1675 praesidia
1002 1633 1216 1673 disposuisse.
1268 1636 1488 1675 Exsequenti.

85 1704 181 1735 quem
208 1695 340 1725 tertium
368 1696 504 1735 diceret,
533 1703 639 1727 semet
663 1697 772 1737 ipsum
801 1696 895 1726 dixit.
946 1695 1072 1725 Ridens
1093 1694 1204 1734 Scipio
1236 1695 1426 1735 „Quidnam
1455 1704 1489 1728 tu

84 1756 220 1794 diceres,
239 1756 264 1787 si
279 1756 351 1787 me”
378 1757 489 1797 inquit
510 1758 711 1797 „vicissesv
742 1757 858 1797 „Tune
872 1766 950 1787 vero
969 1756 1042 1786 me*
1062 1757 1171 1794 inquit
1185 1763 1236 1795 „et
1250 1764 1327 1789 ante
1341 1759 1490 1790 Alexan·

83 1817 177 1847 cirum
197 1822 228 1847 et
242 1824 319 1848 ante
333 1819 500 1858 Pyrrhum
527 1824 559 1849 et
585 1824 661 1849 ante
688 1818 773 1848 alios
798 1816 1020 1859 posuissem.”
1071 1817 1163 1847 Inter
1188 1825 1299 1849 cetera
1323 1821 1488 1860 prodigia,

84 1887 156 1917 quae
172 1879 315 1918 plurima
333 1879 436 1910 fuisse
452 1880 638 1916 traduntur,
665 1880 785 1910 bovem
811 1879 870 1909 Cn.
886 1878 1027 1908 Domitii
1056 1888 1124 1910 cos.
1152 1879 1317 1911 locutam:
1347 1882 1486 1920 „Roma

84 1949 162 1970 eave
199 1940 279 1970 tibi⁷⁷
325 1940 476 1971 refertur.
539 1940 643 1971 Nabis
679 1941 1013 1972 Lacedaemoniorum
1052 1947 1211 1980 tyrannus
1251 1942 1408 1973 incitatus
1446 1944 1488 1974 ab

82 2000 218 2032 AEtolis.
258 2002 311 2041 qui
339 2008 371 2032 et
396 2001 588 2042 Philippum
617 2009 649 2032 et
675 2003 880 2033 Antiochum
907 2002 948 2032 ad
976 2000 1183 2031 inserendum
1211 2002 1336 2034 bellum
1364 2005 1488 2045 populo

82 2062 236 2094 Romano
261 2063 508 2101 sollicitabant,
535 2074 553 2094 a
579 2064 705 2104 populo
732 2065 886 2094 Romano
912 2064 1067 2098 descivit;
1106 2063 1182 2100 sed,
1211 2063 1298 2095 bello
1325 2066 1487 2097 adversus

81 2123 367 2164 Philopoemenem
393 2125 598 2156 Aehaeorum
624 2132 798 2166 praetorem
831 2131 937 2163 gesto,
975 2124 1016 2154 ab
1042 2124 1166 2154 AEtolis
1193 2125 1388 2157 interfectus
1425 2134 1485 2159 est.

81 2184 188 2215 AEtoli
224 2195 356 2226 quoque
393 2187 435 2217 ab
475 2187 621 2218 amicitia
660 2187 773 2227 populi
806 2186 949 2217 Rotnani
984 2185 1190 2217 defecerunt.
1241 2185 1325 2218 Cum
1363 2189 1401 2219 iis
1435 2200 1488 2221 so-

83 2246 202 2276 cietate
242 2247 356 2278 iuncta
394 2248 584 2279 Antiochus
621 2248 724 2288 Syriae
761 2257 820 2277 rex
859 2247 982 2277 bellum
1010 2246 1149 2278 Graeeiae
1186 2248 1296 2279 intulit
1330 2255 1362 2280 et
1397 2260 1487 2281 com-

80 2307 190 2348 plures
230 2308 328 2339 urbes
367 2309 563 2349 occupavit,
610 2309 696 2340 inter
732 2318 814 2348 quas
854 2308 1048 2339 Chalcidem
1090 2314 1123 2339 et
1172 2315 1275 2340 totam
1309 2310 1485 2344 Euboeam.

81 2367 147 2397 Res
179 2373 341 2407 praeterea
380 2370 414 2400 in
448 2370 630 2410 Liguribus
667 2377 781 2410 gestas
816 2377 848 2400 et
886 2376 1082 2412 apparatum
1124 2370 1202 2401 belli
1239 2372 1279 2402 ab
1313 2373 1488 2405 Antiocho

81 2429 238 2460 eontinet.
358 2420 378 2437 ⁶

597 2477 661 2508 EX
686 2478 775 2510 LlB.
803 2478 966 2510 XXXVI.

173 2551 305 2583 Acilius
342 2552 482 2584 Glabrio
517 2564 584 2585 cos⁴
616 2554 822 2586 Antiochum
859 2556 901 2584 ad
937 2555 1184 2596 Thermop5las
1217 2555 1374 2598 Philippo
1411 2569 1488 2599 rege

82 2613 261 2644 adiuvante
287 2614 411 2644 victum
437 2614 567 2646 Graecia
598 2617 743 2657 expulit,
778 2617 934 2656 idemque
959 2616 1096 2648 AEtolos
1135 2616 1277 2656 subegit.
1335 2619 1373 2649 P.
1405 2619 1488 2650 Cor-

81 2674 187 2706 nelius
213 2675 326 2715 Scipio
353 2675 473 2706 Nasica
506 2678 577 2707 eos.
603 2677 706 2707 aedem
735 2678 849 2708 matris
876 2677 994 2716 deum,
1030 2688 1131 2717 quam
1162 2679 1233 2719 ipse
1260 2679 1293 2709 in
1318 2679 1490 2711 Palatium?

1188 2745 1224 2771 3'
