1742 2902
143 1424 195 1469 33

309 134 359 169 72
659 132 759 163 Liber
783 129 893 161 XLII.
945 132 1006 171 (A.
1035 141 1066 162 u.
1095 140 1122 162 c.
1152 132 1249 170 583.)

195 256 216 289 4
250 258 451 300 potestate.
515 251 689 288 Consulti
719 258 873 301 patres,
912 253 972 289 cui
1002 254 1238 291 consulatum
1270 253 1435 302 populus
1464 253 1665 288 Romanus

250 333 326 357 non
357 327 547 368 negasset,
582 321 631 357 ab
662 333 703 358 se
732 323 970 370 provinciam
1002 323 1146 371 negari,
1177 323 1382 370 superbum
1418 322 1504 366 rati,
1534 320 1662 357 sortiri

197 394 218 427 5
251 389 425 426 consules
465 390 668 428 iusserunt.
747 392 793 427 P.
828 392 974 428 Licinio
1005 392 1257 436 Macedonia,
1310 391 1348 428 C.
1382 390 1517 428 Cassio
1548 390 1664 427 Italia

251 458 422 494 obvenit.
487 459 677 507 Legiones
707 460 794 496 inde
823 460 948 496 sortiti
977 467 1083 505 sunt;
1114 461 1238 509 prima
1269 467 1305 496 et
1335 461 1447 497 tertia
1476 460 1514 496 in
1535 460 1664 496 Mace·

250 526 406 563 doniam
439 527 724 574 traiicerentur,
764 530 933 566 secunda
962 537 997 566 et
1033 535 1171 577 quarta
1207 536 1246 565 ut
1277 530 1314 565 in
1345 529 1460 566 Italia
1489 539 1665 565 remane-

250 602 346 632 rent.
412 596 605 633 Dilectum
638 597 814 634 eonsules
847 599 965 634 multo
998 598 1221 644 intentiore,
1263 611 1377 646 quam
1409 599 1525 643 alias,
1571 610 1665 634 cura

197 664 218 697 6
250 665 457 703 habebant.
524 667 694 703 Licinius
723 674 873 703 veteres
899 679 1054 715 quoque
1089 668 1281 704 scribebat
1309 668 1445 704 milites
1475 666 1667 703 centurio-

251 746 418 782 nesque;
465 741 502 771 et
547 736 654 772 multi
694 736 892 772 voluntate
922 736 1079 772 nomina
1113 737 1279 782 dabant,
1330 738 1419 785 quia
1457 737 1667 785 locupletes

250 803 447 848 videbant,
479 805 544 852 qui
574 805 701 853 priore
718 805 970 842 Macedonico
1001 806 1100 842 bello
1132 812 1198 842 aut
1229 806 1412 842 adversus
1430 805 1666 842 Antiochum

199 874 218 907 7
253 872 289 907 in
320 873 420 909 Asia
449 874 640 923 stipendia
671 874 853 912 fecerant.
920 874 1016 912 Cum
1048 876 1189 912 tribuni
1226 875 1409 919 militum,
1441 875 1505 922 qui
1535 879 1666 911 centu·

251 942 379 979 riones
410 952 548 989 essent,
579 944 742 993 primum
775 956 965 992 quemque
996 945 1169 988 citarent,
1201 951 1276 980 tres
1307 949 1343 980 ct
1372 943 1506 991 viginti
1536 949 1667 980 centu-

251 1011 392 1057 riones,
424 1014 488 1060 qui
519 1013 663 1062 primos
694 1013 792 1061 pilos
823 1014 1025 1059 duxerant,
1057 1014 1161 1050 citati
1190 1014 1364 1049 tribunos
1394 1013 1515 1061 plebis
1533 1012 1668 1060 appel-

253 1080 392 1117 larunt.
456 1083 545 1119 Duo
583 1095 630 1118 ex
665 1082 840 1130 collegio,
871 1083 924 1119 M.
946 1083 1104 1119 Fulvius
1134 1083 1316 1120 Nobilior
1345 1088 1382 1118 et
1410 1083 1465 1118 M.
1483 1080 1670 1118 Claudius

199 1153 221 1188 8
253 1150 481 1196 Marcellus,
527 1153 576 1188 ad
617 1151 793 1188 consules
839 1153 1067 1196 reiciebant3
1113 1165 1243 1188 eorum
1285 1151 1540 1200 cognitionem
1585 1162 1671 1187 esse

253 1218 415 1265 debere,
461 1221 599 1268 quibus
645 1221 804 1257 dilectus
849 1221 1064 1269 quibusque
1108 1222 1248 1258 bellum
1296 1221 1517 1257 mandatum
1557 1225 1670 1256 esset.

254 1286 380 1325 Ceteri
411 1290 632 1338 cognituros
663 1301 723 1334 se,
768 1290 815 1325 de
846 1302 922 1338 quo
953 1290 1135 1338 appellati
1167 1296 1310 1335 essent,
1341 1290 1495 1326 aiebant
1538 1295 1593 1333 et,
1638 1287 1671 1325 si

254 1358 393 1395 iniuria
422 1360 541 1404 fieret,
573 1359 755 1395 auxilium
788 1359 934 1395 civibus
964 1359 1123 1395 laturos.

366 1429 432 1464 Ad
462 1428 644 1465 subsellia
674 1428 912 1465 tribunorum
943 1441 1003 1464 res
1035 1428 1232 1476 agebatur.
1300 1428 1357 1463 Eo
1394 1425 1467 1476 [M.
1495 1426 1673 1474 Popilius

201 1499 222 1534 2
255 1498 469 1534 consularis
508 1497 740 1547 advocatus]
781 1498 1021 1535 centuriones
1061 1504 1097 1534 et
1137 1497 1268 1533 consul
1306 1502 1503 1532 venerunt.
1568 1495 1673 1532 Con—

254 1567 335 1603 sule
365 1567 453 1603 inde
483 1568 720 1616 postulante,
752 1574 793 1604 ut
823 1568 860 1603 in
891 1567 1068 1602 contione
1101 1579 1147 1603 ea.
1175 1579 1235 1602 res
1267 1572 1462 1614 ageretur,
1504 1564 1672 1613 populus

253 1636 291 1672 in
322 1637 536 1672 contionem
569 1637 792 1673 advocatus.
859 1638 937 1673 Pro
969 1635 1252 1685 centurionibus
1283 1635 1337 1672 M.
1370 1634 1557 1682 Popilius,
1606 1634 1671 1682 qui

201 1708 221 1742 3
256 1705 409 1742 biennio
441 1712 529 1742 ante
560 1706 694 1742 consul
726 1706 863 1750 fuerat,
891 1705 945 1741 ita
975 1706 1095 1742 verba
1125 1704 1235 1741 fecit:
1279 1703 1466 1740 Militares
1497 1703 1671 1740 hemines

254 1783 291 1810 et
321 1775 510 1823 stipendia
540 1776 642 1811 iusta
686 1781 723 1811 et
761 1787 927 1823 corpora
974 1781 1010 1810 et
1050 1780 1160 1810 aetate
1206 1780 1242 1809 et
1275 1773 1444 1809 adsiduis
1474 1773 1673 1809 laboribus

255 1844 431 1881 confecta
476 1845 638 1888 habere;
683 1844 775 1880 nihil
806 1856 985 1880 recusare
1023 1850 1177 1887 tamen,
1222 1855 1297 1890 quo
1343 1843 1467 1878 minus
1512 1854 1670 1890 operam

254 1915 308 1951 rei
330 1915 492 1963 publicae
523 1915 631 1958 dent;
662 1914 700 1950 id
727 1920 873 1950 tantum
901 1912 1112 1961 deprecari,
1142 1925 1190 1948 ne
1210 1912 1410 1948 inferiores
1431 1911 1476 1948 iis
1505 1911 1675 1956 ordines,

201 1986 221 2020 -1
256 1997 370 2032 quam
404 1997 522 2032 quos,
566 1997 645 2021 cum
676 1984 922 2026 militassent,
952 1983 1196 2025 habuissent,
1240 1981 1558 2017 adtribuerentur.
1623 1981 1671 2018 P.

253 2094 286 2129 5,
318 2098 330 2124 l
361 2094 560 2125 macedonia
587 2093 695 2125 cassio
757 2097 775 2124 2
802 2093 928 2133 primae
955 2091 1055 2121 tertia
1111 2094 1130 2121 3
1158 2091 1286 2120 italiam
1337 2094 1356 2120 4
1383 2089 1599 2119 intentiorem
1629 2104 1670 2110 —-

254 2159 369 2181 curam
382 2150 513 2191 Kreyss.
525 2149 596 2192 My.
606 2150 678 2181 Em.
691 2148 765 2181 527
777 2160 806 2180 η.
823 2149 943 2190 (Gryn.
960 2148 1120 2179 Delectus
1138 2165 1177 2169 —
1192 2145 1588 2184 intentiorem—curam)
1639 2143 1673 2182 6,

254 2221 273 2248 3
301 2209 542 2251 macedoniaco
580 2219 774 2250 anthiocum
805 2221 824 2248 4
852 2217 1008 2248 ferebant
1046 2215 1076 2253 7,
1096 2219 1108 2245 l
1128 2221 1166 2246 tr.
1196 2216 1264 2245 mil.
1296 2215 1351 2255 qui
1381 2213 1595 2245 centuriones
1613 2212 1672 2243 sed

256 2286 399 2327 primum
429 2287 500 2328 My.
518 2288 590 2318 Em.
610 2286 691 2318 528.
720 2285 841 2327 (Gryn.
869 2285 1015 2316 militum
1042 2285 1255 2315 centuriones
1281 2284 1338 2315 sed
1365 2282 1525 2323 primum)
1559 2286 1578 2313 3
1604 2281 1673 2322 pri·

255 2345 361 2386 moins
385 2356 389 2395 Ι
412 2356 621 2386 deduxerant
676 2360 696 2386 4
735 2365 779 2386 m.
820 2354 946 2385 suluius
980 2353 1145 2383 nouiliore
1171 2362 1215 2382 m.
1244 2351 1370 2382 suluius
1395 2351 1542 2382 nouilior
1567 2355 1600 2381 et
1624 2359 1671 2380 m.

255 2413 407 2444 claudius
462 2412 494 2448 8,
522 2417 540 2442 4
568 2418 716 2443 staturos
764 2411 932 2447 XXXIII,
960 2410 991 2447 1,
1021 2413 1033 2440 1
1064 2409 1170 2440 tribus
1198 2417 1250 2439 res
1273 2409 1277 2447 Ι
1308 2408 1410 2439 Uncos
1435 2406 1571 2445 addidi‚·
1596 2406 1670 2437 Em.

254 2469 327 2501 528
351 2480 416 2500 cum
443 2467 604 2506 addend„
632 2469 685 2499 ubi
706 2468 814 2499 similis
840 2467 1005 2499 adnotatio
1021 2465 1250 2497 demonstratur
1265 2465 1294 2496 in
1311 2465 1382 2496 XL
1396 2464 1431 2503 V,
1447 2465 1498 2502 41,
1518 2464 1546 2495 1.
1591 2463 1623 2501 2,
1652 2467 1671 2494 2

254 2526 458 2569 postulantis
510 2524 627 2567 (Gr-yn.
655 2525 855 2567 postulanti)
903 2525 935 2563 3,
963 2528 981 2556 2
1005 2533 1143 2565 corpore
1187 2527 1205 2553 3
1233 2523 1359 2554 habent
1381 2523 1385 2561 Ι
1408 2526 1602 2553 recusarent
1651 2522 1671 2550 4

254 2585 335 2616 dent
360 2584 525 2615 intantum
553 2583 734 2623 depraecari
758 2584 763 2621 1
786 2583 812 2614 is
839 2582 1001 2623 (Debebat
1025 2572 1088 2612 esse
1114 2580 1193 2620 sibi)
1246 2583 1264 2610 5
1292 2589 1393 2619 quam
1419 2589 1503 2619 quos
1530 2577 1675 2609 militas·
1722 2592 1742 2614 μ

253 2648 329 2674 sent
353 2641 526 2672 habuisset
552 2640 786 2671 adtribuerunt
