1753 2934
491 137 591 167 Liber
616 136 725 168 XLV.
767 139 828 171 (A.
848 136 924 166 chr.
956 137 1048 175 167.)
1344 136 1414 171 241

67 260 241 296 nuntiare
271 260 448 296 Rhodum
483 260 712 308 legationem
754 260 915 308 placuit,
966 259 1106 307 partim
1146 269 1230 295 cum
1264 257 1478 305 Astymede

68 330 201 366 Romae
230 330 447 373 subsistere,
479 332 552 377 (μα’,
585 342 669 377 quae
690 336 905 377 agerentur,
937 330 1072 365 seirent
1097 329 1354 374 certioresque
1386 337 1476 361 suos

67 398 248 434 facerent.
328 399 370 434 In
400 400 602 447 praesentia
633 399 819 435 deducere
853 406 941 434 ante
974 406 1116 434 certam
1149 398 1247 433 diem
1280 409 1325 432 ex
1360 396 1478 443 Lycia

68 467 262 515 Cariaque
293 468 483 504 iusserunt
514 469 726 516 praefectos.
795 469 890 505 Haec
923 468 1098 504 Rhodum
1135 466 1363 509 renuntiata,
1396 477 1479 512 quae

67 550 135 586 per
164 550 204 572 se
238 537 361 573 tristia
392 539 569 583 fuissent,
615 538 705 586 quia
747 538 903 573 maioris
935 538 1024 573 mali
1058 537 1206 572 levatus
1238 542 1320 571 erat
1353 535 1478 577 timor,

68 619 150 643 cum
197 607 334 642 bellum
379 608 610 652 timuissent,
658 609 694 644 in
736 608 916 656 gaudium
961 613 1168 643 verterunt.
1246 605 1384 651 Itaque
1416 616 1479 639 ex-

66 677 209 724 templo
243 688 423 712 coronam
457 678 537 713 XX
572 678 713 713 milium
747 690 948 714 aureorum
982 677 1252 718 decreverunt3
1303 675 1480 709 Tlieaete-

67 753 158 788 tum,
194 745 412 793 praefectum
445 747 596 789 classis,
631 747 668 783 in
700 760 783 783 eam
814 747 1043 795 legationem
1074 746 1267 780 miserunt.
1347 742 1480 779 Socie-

66 822 182 852 tatem
216 816 264 851 ab
296 816 482 852 Romanis
513 817 566 853 ita
595 817 777 853 volebant
808 818 906 865 peti,
937 824 974 852 ut
1008 816 1150 851 nullum
1185 815 1231 850 de
1262 826 1307 849 ea
1337 826 1378 849 re
1409 814 1480 849 sci-

67 890 144 920 tum
178 885 309 933 populi
341 887 446 922 fieret
477 893 542 922 aut
573 886 707 922 litteris
740 888 1005 929 mandaretur,
1037 885 1163 933 quod,
1194 884 1265 920 nisi
1296 884 1479 932 impetra-

66 960 161 998 rent,
193 955 315 990 maior
344 956 506 1004 repulsae
536 957 746 1004 ignominia
776 963 887 994 esset.
948 955 1126 991 Praefecti
1157 954 1289 989 classis
1311 953 1349 988 id
1370 954 1480 988 unius

67 1030 148 1060 erat
178 1024 248 1068 ius,
281 1031 322 1060 ut
353 1038 467 1074 agere
498 1027 544 1063 de
575 1040 620 1063 ea,
650 1040 690 1063 re
720 1027 800 1062 sine
817 1026 1020 1074 rogatione
1051 1025 1126 1060 ulla
1157 1023 1308 1072 perlata
1339 1029 1481 1070 posset.

65 1095 168 1130 Nam
200 1095 253 1130 ita
285 1108 353 1142 per
384 1102 440 1131 tot
470 1108 590 1132 annos
624 1097 660 1132 in
693 1096 860 1132 amicitia
891 1095 1066 1138 fuerant,
1109 1101 1150 1130 ut
1176 1093 1308 1129 sociali
1339 1092 1482 1128 foedere

66 1175 107 1200 se
147 1177 232 1200 eum
274 1165 457 1201 Romanis
498 1178 571 1201 non
616 1166 842 1214 inligarent,
895 1166 944 1201 ob
976 1164 1118 1200 nullam
1151 1163 1266 1200 aliam
1312 1175 1481 1207 causam,

67 1246 180 1281 quam
214 1247 260 1270 ne
290 1248 395 1283 spem
436 1235 590 1283 regibus
631 1235 870 1271 absciderent
915 1235 1046 1271 auxilii
1086 1234 1167 1278 sui,
1216 1234 1247 1269 si
1288 1233 1346 1268 cui
1386 1245 1481 1281 opus

65 1311 187 1348 esset,
233 1317 305 1340 neu
343 1305 414 1341 sibi
454 1305 546 1352 ipsis
576 1304 721 1341 fructus
753 1318 798 1341 ex
833 1305 1068 1353 benignitate
1097 1311 1134 1340 et
1164 1303 1318 1340 fortuna
1350 1315 1480 1338 eorum

64 1374 310 1421 percipiendi.
371 1375 481 1410 Tunc
511 1375 641 1423 utique
672 1375 837 1423 petenda
859 1375 1024 1411 societas
1046 1374 1261 1417 videbatur,
1291 1385 1367 1407 non
1399 1385 1483 1419 quae

66 1443 224 1479 tutiores
270 1456 335 1479 eos
380 1445 428 1480 ab
469 1445 553 1480 aliis
594 1444 738 1481 faceret
783 1447 868 1491 (nec
903 1444 1000 1480 enim
1033 1444 1218 1479 timebant
1248 1455 1481 1490 quemquam

65 1522 204 1561 praeter
234 1514 476 1560 Romanos),
528 1515 594 1550 sed
638 1527 722 1562 quae
759 1515 852 1563 ipsis
883 1514 1069 1551 Romanis
1109 1515 1233 1549 minus
1271 1520 1480 1560 suspectos

67 1583 146 1620 Sub
186 1583 285 1618 idem
324 1583 404 1619 fere
448 1590 598 1632 tempus
629 1591 664 1620 et
696 1583 833 1621 Caunii
865 1584 1059 1620 descivere
1094 1584 1142 1619 ab
1177 1584 1244 1628 iis,
1290 1590 1326 1618 et
1356 1582 1482 1630 Myla-

65 1664 194 1688 senses
228 1653 522 1689 Euromensium
555 1655 698 1702 oppida
727 1660 976 1703 occuparunt.
1035 1654 1126 1690 Non
1148 1654 1201 1689 ita
1221 1652 1333 1689 fracti
1364 1653 1480 1688 animi

65 1722 229 1758 civitatis
261 1729 391 1768 erant,
441 1729 483 1759 ut
512 1736 587 1759 non
618 1724 825 1769 sentirent,
866 1724 897 1760 si
928 1722 1050 1772 Lycia
1081 1730 1116 1758 et
1147 1721 1264 1758 Caria
1294 1722 1482 1770 ademptae

65 1792 113 1827 ab
145 1792 330 1828 Romanis
365 1793 516 1839 forent,
565 1801 692 1831 cetera
723 1800 788 1829 aut
818 1806 858 1830 se
887 1793 972 1841 ipsa
1002 1806 1071 1841 per
1105 1792 1356 1829 defectionem
1388 1793 1480 1829 libe-

64 1868 193 1897 rarent
225 1868 289 1898 aut
325 1876 347 1898 a
377 1863 558 1899 finitumis
590 1870 890 1911 occuparentur,
936 1863 1077 1899 includi
1115 1875 1156 1899 se
1186 1863 1318 1898 insulae
1349 1875 1480 1911 parvae

65 1937 102 1967 et
131 1931 268 1967 sterilis
300 1933 383 1980 agri
426 1932 623 1979 litoribus,
674 1946 757 1981 quae
795 1945 1040 1981 nequaquam
1083 1933 1186 1969 alere
1223 1940 1338 1969 tantae
1378 1932 1481 1968 urbis

64 2137 82 2164 2
101 2132 198 2175 Gryn.
230 2139 360 2174 partem
411 2135 430 2162 3
455 2132 631 2164 substitere
659 2131 775 2174 (Gr-yn.
802 2132 1003 2174 subsistere)
1030 2142 1103 2172 quae
1129 2139 1311 2172 agerentur
1341 2132 1438 2164 Gron.
1474 2133 1477 2176 Ι

63 2192 162 2223 sciret
179 2208 220 2214 -
235 2190 361 2222 faceret
378 2189 476 2221 Gron.
527 2189 558 2227 6,
586 2194 604 2220 2
631 2189 684 2221 De
702 2190 731 2221 Ιι.
751 2190 771 2221 Ζ.
800 2189 1008 2231 (praefectos)
1035 2191 1095 2231 cfr.
1121 2190 1194 2221 Em.
1227 2190 1307 2221 GM.
1331 2192 1337 2231 Ι
1359 2193 1480 2222 rodum

65 2249 69 2290 Ι
97 2249 251 2279 nuntiata
278 2247 351 2289 Ally.
374 2253 378 2288 ς
401 2257 476 2287 quae
511 2257 630 2288 persea
656 2248 792 2278 tristitia
851 2252 870 2278 3
898 2248 998 2278 timor
1024 2249 1148 2279 circum
1215 2251 1234 2278 4
1259 2249 1294 2279 in
1320 2250 1481 2288 gaudium

62 2307 257 2338 renuntiata
284 2311 455 2336 uerterunt
484 2304 554 2345 My.
574 2304 647 2335 Em.
672 2304 743 2335 6021
769 2304 828 2345 (H.
857 2306 1200 2343 renuntiauerierunt)
1249 2304 1280 2343 7,
1318 2311 1336 2337 2
1373 2307 1479 2338 milib.

67 2363 218 2395 Gruterus
242 2362 371 2404 (Polyb.
409 2361 540 2401 XXX,
567 2363 588 2393 5
614 2359 688 2394 ἀπὸ
714 2361 855 2404 μυρίων
880 2363 1039 2404 χρυσῶν)
1073 2362 1076 2402 ff
1105 2363 1302 2394 theodotum
1333 2357 1437 2395 Ursz'n'.
1465 2375 1483 2394 e

63 2419 196 2462 Polybio
245 2424 264 2450 3
292 2419 459 2460 praefeetis
501 2423 518 2449 6
541 2420 938 2460 maim-apulsaisnomina
957 2419 1028 2461 lisy.
1045 2419 1118 2451 Em.
1139 2420 1211 2452 605
1230 2420 1352 2463 (Gryn.
1374 2423 1483 2453 maior

62 2478 204 2519 repulsis
229 2478 435 2517 ignominia)
484 2476 516 2514 8,
544 2481 562 2507 2
590 2483 708 2516 ageret
730 2478 734 2517 Ι
755 2484 893 2518 possent
931 2477 962 2514 9,
992 2481 1005 2508 1
1036 2487 1154 2508 amnos
1175 2478 1209 2508 in
1236 2479 1421 2510 amicitiam
1459 2483 1479 2510 3

63 2535 90 2566 si
123 2536 211 2575 quod
248 2535 283 2565 id
316 2545 400 2575 opus
437 2533 512 2571 (hoc
537 2540 582 2565 est
606 2535 703 2574 quoi)
771 2538 788 2565 5
816 2534 1010 2575 perficiendi
1073 2535 1127 2573 11,
1159 2539 1171 2565 l
1203 2537 1328 2576 eaunil
1359 2537 1401 2567 ab
1429 2537 1480 2567 his

63 2591 135 2633 My.
167 2591 170 2632 l
199 2592 414 2623 milassenses
476 2591 530 2629 12,
557 2596 575 2622 2
602 2597 639 2623 ut
664 2602 741 2623 eum
768 2593 931 2624 sentirent
991 2594 1009 2622 5
1038 2593 1094 2633 qui
1120 2602 1334 2635 nequaquam
1358 2594 1363 2637 Ι
1386 2600 1479 2626 tante

96 2659 194 2685 Livius
209 2667 245 2685 ex
262 2667 315 2686 rec.
332 2659 477 2690 Madvigii.
516 2660 577 2684 VH.
1172 2653 1213 2681 16

1518 1376 1562 1411 10

1518 1585 1559 1619 11

1515 1655 1561 1690 12
