1742 2902
145 516 197 560 38

315 131 364 166 78
666 129 766 159 Liber
790 128 900 159 XLII.
954 129 1016 168 (A.
1045 140 1075 159 u.
1104 141 1130 159 c.
1159 130 1256 170 583.)

260 248 523 298 [Macedonis]
565 249 734 298 Philippi
779 251 878 287 bello
918 247 1050 287 hostes
1087 251 1247 287 fuissent¹
1290 258 1327 286 et
1366 263 1435 299 pro
1475 251 1669 287 Antiocho
1723 256 1727 267 '

203 315 224 348 9
256 325 391 366 postea
421 330 530 353 arma
559 318 742 355 adversus
776 320 960 368 populum
992 321 1208 356 Romanum
1240 319 1414 355 tulissent
1446 331 1510 364 ac,
1548 332 1670 367 nuper
1724 299 1728 313 ⁵

256 388 293 422 in
338 387 551 422 Achaicum
592 389 796 425 contributi
841 389 1060 432 concilium,
1105 389 1210 424 velut.
1253 389 1450 437 praemium
1495 388 1583 424 belli
1628 401 1669 425 se

256 456 463 492 victoribus
493 457 649 492 Achaeis
679 458 779 493 tradi
812 465 1072 505 quererentur.

367 525 538 561 Marcius
568 533 605 561 ct
635 526 777 562 Atilius
810 527 857 562 ad
890 526 1068 570 Gitanas,
1099 527 1206 575 Epiri
1238 526 1443 574 oppidum,
1493 526 1531 561 X
1564 525 1667 561 milia

253 607 277 628 α
316 595 413 630 mari
456 606 541 630 cum
573 595 838 639 escenderent,
888 596 1049 632 concilio
1087 596 1334 644 Epirotarum
1385 594 1537 639 habito,
1582 605 1666 630 cum

253 675 395 711 magno
415 664 583 699 omnium
615 664 779 700 adsensu
800 666 918 701 auditi
945 672 1046 711 sunt,
1078 672 1114 700 et
1135 663 1434 712 quadringentos
1463 663 1668 699 iuventutis

253 745 384 768 eorum
415 732 453 767 in
471 731 649 775 Orestas,
680 740 720 768 ut
750 734 927 781 praesidio
959 741 1084 770 essent
1112 733 1282 770 liberatis
1313 734 1361 769 ab
1379 731 1667 775 Macedonibus,

199 799 220 833 2
254 802 449 838 miserunt.
527 802 623 837 Inde
665 802 702 837 in
733 803 922 838 AEtoliam
964 803 1158 851 progressi
1199 815 1244 838 ao
1273 814 1417 850 paucos
1447 801 1499 837 ibi
1529 801 1667 837 morati

253 872 353 915 dies,
399 871 489 907 dum
533 872 571 907 in
612 872 787 920 praetoris
821 872 961 908 mortui
991 873 1114 908 locum
1155 872 1252 908 alius
1282 871 1541 915 sufficeretur,
1590 868 1665 919 [et]

254 939 415 987 Lycisco
447 946 610 987 praetore
652 940 779 985 facto,
813 953 925 988 quem
960 943 1222 978 Romanorum
1268 940 1400 977 favere
1429 941 1544 976 rebus
1572 941 1667 976 satis

252 1015 474 1057 conpertum
507 1017 607 1053 erat,
641 1011 874 1047 transierunt
901 1011 939 1046 in
970 1011 1226 1047 Thessaliam.
1304 1010 1363 1046 Eo
1394 1009 1509 1057 legati
1539 1011 1667 1046 Acar-

197 1077 218 1111 3
251 1089 368 1114 nanes
413 1084 450 1114 et
491 1079 714 1115 Boeotorum
763 1080 893 1116 exules
946 1087 1142 1116 venerunt.
1222 1082 1448 1116 Acarnanes
1491 1079 1666 1114 nuntiare

251 1147 365 1191 iussi,
413 1159 497 1194 quae
528 1149 697 1196 Philippi
736 1150 923 1197 primum,
967 1149 1149 1186 Antiochi
1188 1149 1323 1185 deinde
1353 1148 1474 1192 bello,
1518 1148 1665 1196 decepti

251 1216 589 1263 pollicitationibus
620 1217 756 1265 regiiS,
788 1219 974 1255 adversus
1005 1219 1188 1267 populum
1205 1220 1421 1255 Romanum
1450 1218 1665 1254 commisis-

197 1289 217 1322 4
251 1292 346 1330 sent,
377 1297 423 1321 ea
453 1287 668 1334 corrigendi
706 1288 944 1324 occasionem
976 1289 1049 1324 illis
1080 1288 1262 1324 oblatam.
1341 1288 1383 1325 Si
1413 1287 1513 1323 male
1542 1287 1665 1323 meriti

250 1354 489 1390 clementiam
507 1356 638 1404 populi
653 1357 818 1393 Romani
835 1357 981 1405 experti
1012 1363 1150 1401 essent,
1174 1358 1271 1393 bene
1288 1357 1467 1393 merendo
1498 1356 1665 1393 liberali-

194 1430 214 1462 5
248 1431 365 1460 tatem
415 1426 691 1472 experirentur.
772 1426 918 1462 Boeotis
976 1427 1273 1474 exprobratum,
1332 1426 1552 1462 societatem
1598 1437 1665 1461 eos

247 1506 333 1529 cum
364 1495 510 1530 Perseo
540 1495 722 1532 iunxisse.
803 1494 899 1532 Cum
934 1495 1085 1543 culpam
1116 1497 1153 1531 in
1185 1496 1406 1540 Ismeniam,
1451 1495 1662 1544 principem

247 1563 403 1599 alterius
436 1563 569 1611 partis,
600 1563 817 1600 conferrent
847 1571 884 1600 et
916 1566 1103 1612 quasdam
1135 1565 1308 1601 civitates
1332 1565 1596 1601 dissentientes
1625 1564 1663 1611 in

246 1645 402 1669 causam
435 1633 618 1669 deductas
649 1634 826 1678 (licerent,
873 1634 1136 1682 appariturum
1174 1635 1211 1670 id
1254 1645 1357 1679 esse,
1403 1634 1573 1670 Marcius
1603 1646 1663 1670 re-

246 1703 419 1750 spondit3
460 1703 618 1751 singulis
649 1704 747 1740 enim
781 1703 999 1739 civitatibus
1031 1704 1077 1740 de
1108 1716 1148 1740 se
1179 1704 1272 1752 ipsis
1305 1703 1524 1739 consulendi
1555 1710 1663 1751 pote-

193 1772 215 1807 6
247 1777 384 1807 statem
415 1771 598 1808 facturos.
664 1772 940 1808 Thessalorum
973 1773 1119 1808 Larisae
1156 1773 1228 1810 fuit
1257 1773 1471 1809 concilium.
1537 1773 1597 1809 Ibi
1628 1779 1666 1809 et

246 1841 445 1877 Thessalis
484 1840 649 1889 benigna
686 1841 848 1877 materia
882 1841 1028 1889 gratias
1069 1843 1207 1890 agendi
1236 1842 1422 1879 Romanis
1449 1854 1520 1890 pro
1549 1842 1664 1878 liber-

246 1987 352 2019 codice
377 1999 437 2018 non
463 1999 526 2018 esse
551 1985 718 2023 crederem,
745 1997 782 2016 ex
808 1986 953 2017 fuissent
967 1986 1159 2028 faciendum
1181 1987 1298 2028 putavi
1321 1986 1488 2018 favissent.
1554 1987 1664 2018 Utrum

246 2046 444 2077 Macedonis
471 2043 638 2076 tollendum
663 2043 703 2074 sit
728 2054 770 2073 an
802 2042 997 2074 scribendum
1025 2043 1247 2075 Macedonico
1281 2044 1390 2081 bello,
1427 2044 1575 2075 incertum
1608 2051 1662 2075 est.

258 2101 376 2133 Vahlen
400 2103 500 2143 ipsum
527 2107 644 2142 postca
670 2101 701 2131 in
726 2100 796 2131 cod.
816 2112 880 2131 esse
904 2101 1037 2142 scribit.)
1087 2101 1290 2138 XXXVIII,
1315 2101 1347 2138 l,
1378 2103 1389 2131 l
1421 2111 1464 2132 m.
1493 2107 1525 2131 ct
1550 2101 1663 2132 atilius

246 2159 288 2188 ud
315 2160 449 2198 gitanae
477 2159 558 2200 eripi
615 2157 655 2188 In
688 2158 858 2197 adgitanae
882 2168 990 2188 nomen
1016 2157 1129 2198 oppidi
1151 2158 1215 2188 sine
1227 2158 1450 2198 praepositione
1472 2157 1568 2189 latere
1585 2164 1664 2189 recte

245 2214 368 2246 iudicat
391 2215 462 2247 Iac.
484 2215 582 2247 (11·οη.
607 2215 612 2256 Ι
635 2225 657 2245 x
683 2215 768 2245 mari
815 2218 833 2244 2
865 2213 963 2256 Gryn.
985 2216 1207 2246 ascenderent
1221 2214 1303 2255 (Cur
1319 2226 1379 2245 non
1395 2215 1662 2255 escendissent?)

246 2277 264 2303 3
293 2282 311 2303 c
345 2274 610 2312 quadringentos
675 2277 694 2302 4
730 2272 771 2302 ab
807 2281 842 2302 se
876 2272 1118 2303 macedonibus
1183 2271 1349 2303 Drakenb.
1385 2271 1472 2312 (Em.
1508 2271 1581 2303 532
1613 2271 1664 2312 n.)

244 2329 276 2366 2,
307 2333 319 2359 1
361 2339 489 2369 paucos
527 2330 590 2360 sibi
650 2333 667 2360 2
699 2334 732 2359 et
764 2329 889 2369 lycisco
916 2328 987 2370 My.
1015 2328 1087 2360 Em.
1116 2328 1198 2360 532.
1266 2332 1285 2359 3
1312 2328 1428 2360 fauore
1454 2329 1552 2360 rebus
1578 2329 1665 2360 datis

246 2392 264 2416 4
292 2386 463 2417 tessaliam
487 2387 491 2425 Ι
514 2387 691 2417 acm-nanis
707 2385 779 2427 My.
801 2384 917 2427 (Gryn.
945 2385 1182 2425 Acarnanum)
1238 2386 1270 2424 3,
1293 2390 1312 2416 2
1339 2386 1489 2417 anthioci
1535 2389 1554 2416 3
1574 2386 1664 2426 regis

246 2443 370 2474 Duker.
442 2442 481 2480 5,
522 2446 534 2473 1
573 2443 851 2484 exprobramtum
919 2446 937 2472 2
973 2444 1123 2474 iunxisse
1157 2453 1215 2474 eos
1249 2453 1323 2473 cum
1359 2443 1491 2483 culpam
1530 2441 1662 2484 Kreyss.

247 2498 364 2541 (Gryn.
393 2499 554 2530 iunxisse.
581 2501 621 2530 iis
648 2500 738 2541 cum)
794 2503 813 2529 3
841 2499 1017 2531 conferent
1038 2499 1044 2540 Ι
1067 2500 1295 2531 dissentientis
1353 2504 1372 2529 4
1397 2500 1560 2530 deductas
1586 2508 1664 2540 ape-

247 2557 388 2587 riturnm
416 2555 488 2597 My.
520 2555 593 2587 Em.
624 2556 707 2588 532.
759 2557 1006 2597 (appariturum
1035 2556 1154 2598 Gryn.)
1203 2557 1235 2595 6,
1266 2561 1277 2588 l
1309 2557 1537 2595 tessalorum1
1564 2555 1663 2605 Gsyn.

246 2614 390 2644 Larissae
412 2614 416 2652 Ι
439 2613 484 2643 ibi
511 2613 647 2644 tesselis
696 2618 713 2643 2
741 2613 955 2644 libertatibus

1725 2593 1732 2639 l

1725 2663 1730 2738 ὲ

1724 2752 1730 2820 ¹]

1726 2836 1730 2859 ι

1725 2867 1730 2902 l
