1753 2934
702 111 879 154 Librorum
905 123 1001 154 Livii.
1447 125 1491 160 13

243 254 303 292 69)
328 253 456 294 Vepres
482 254 614 293 generis
639 252 800 290 feminini,
829 261 865 285 ut
886 255 980 286 Titus
1000 255 1128 286 Livius:
1156 255 1216 285 has
1236 263 1360 294 vepres.
1407 254 1546 285 Gramm.

151 314 254 346 incert.
287 313 325 345 cle
346 314 508 356 yeneribus
533 314 685 344 nominum
718 314 808 356 apud
833 315 954 357 Haupt.
978 322 1050 357 post
1079 314 1172 347 Ouid.
1201 314 1383 346 Halieutica
1407 325 1438 354 p.
1464 312 1545 346 102.

245 376 303 415 70)
330 375 477 417 Scalper,
504 384 578 415 gen.
606 376 792 408 masculini.
818 377 903 408 sicut
930 377 1045 414 culter,
1071 385 1107 408 ut
1130 378 1224 408 Titus
1242 376 1367 415 Livius,
1394 375 1546 416 quamvis

149 437 284 478 quidam
311 437 479 479 scalprum
506 437 634 477 legant.
690 436 762 469 Ibd.
793 449 825 479 p.
854 438 929 470 101.
981 437 1134 477 (Videtur
1159 438 1339 479 sa'ym'ficari
1366 437 1459 468 locus.
1493 438 1549 478 qui

148 505 256 530 exstat.
286 498 449 532 XXVII.
489 497 543 536 49,
571 498 617 539 1.)

282 712 578 780 Scriptorum
617 731 712 764 non
751 713 1083 764 historicorum
1122 714 1401 780 fragmenta.

240 831 300 871 71)
331 831 410 862 Fuit
441 832 543 872 igitur
575 833 721 863 brevitas
753 832 811 863 illa
842 833 1025 870 tutissima,
1066 841 1139 872 quae
1175 838 1218 863 est
1242 833 1329 873 apud
1356 833 1484 864 Livium
1511 834 1544 864 in

144 892 287 933 epistola
318 893 359 923 ad
396 892 500 924 filium
537 894 675 935 scripta.
716 894 878 934 legendos
903 894 1166 925 Demosthenem
1201 898 1300 933 atque
1336 893 1542 925 Ciceronem.

144 960 215 984 tum
241 954 299 994 ita,
331 960 367 985 ut
391 956 529 996 quisque
556 962 642 986 esset
668 955 887 987 Demostheni
915 962 947 986 et
973 953 1128 985 Ciceroni
1155 955 1358 986 simillimus.
1415 954 1542 992 Quintil.

144 1014 219 1046 Insl.
255 1015 344 1048 Orat.
374 1014 420 1053 λ’,
448 1015 476 1054 Ι,
502 1015 571 1053 39,·
597 1015 666 1047 coll.
694 1016 743 1048 II.
769 1017 802 1056 5,
829 1016 888 1048 20.

238 1077 297 1117 72)
321 1076 361 1107 In
385 1077 449 1108 hoc
475 1077 598 1108 malum
626 1088 645 1108 a
672 1079 870 1118 quibusdam
890 1078 991 1108 etiarn
1009 1076 1201 1114 laboratur3
1228 1086 1337 1116 neque
1362 1078 1396 1108 id
1421 1087 1542 1110 novum

142 1138 258 1169 vitium
285 1144 345 1177 est,
387 1149 488 1179 quum
524 1139 588 1169 iam
615 1140 703 1179 apud
730 1139 770 1170 T.
797 1139 930 1170 Livium
957 1138 1134 1173 inveniam,
1172 1137 1275 1168 fuisse
1302 1144 1542 1180 praeceptorem

142 1199 300 1239 aliquem.
333 1199 388 1239 qui
415 1200 595 1241 discipulos
621 1201 811 1240 obscurare,
839 1210 912 1241 quae
937 1201 1096 1232 dicerent.
1131 1199 1270 1235 iuberet,
1299 1200 1416 1231 Graeco
1440 1201 1543 1233 verbo

140 1265 256 1297 utens,
294 1258 470 1294 σκότισον.
519 1261 617 1294 Unde
653 1262 710 1294 illa
743 1263 873 1294 scilicet
904 1261 1039 1302 egregia
1064 1261 1232 1292 laudatio:
1269 1260 1379 1292 Tanto
1408 1263 1542 1300 melior:

140 1331 182 1353 ne
206 1331 270 1362 ego
296 1323 428 1362 quidem
455 1323 617 1354 intellexi.
666 1323 796 1360 Quintil.
822 1323 898 1355 Inst,
927 1323 1015 1356 Orat.
1050 1321 1147 1359 ῘἸΙΙ,
1173 1321 1206 1354 2,
1234 1322 1286 1354 18.

235 1383 291 1423 73)
317 1384 357 1414 Τ.
385 1384 498 1415 Livius
533 1385 573 1415 de
599 1386 806 1423 oratoribus,
849 1385 905 1425 qui
941 1385 1043 1416 verba
1076 1385 1214 1424 antiqua
1242 1389 1274 1414 et
1301 1384 1437 1415 sordida
1463 1393 1542 1415 con·

141 1450 309 1476 sectantur
335 1451 367 1476 et
393 1447 551 1478 orationis
577 1447 812 1478 obscuritatem
836 1446 1046 1477 severitatem
1064 1451 1194 1488 putant,
1232 1445 1344 1476 aiebat
1366 1444 1544 1476 Miltiaden

140 1507 308 1538 rhetorem
335 1507 507 1547 eleganter
533 1509 671 1540 dixisse:
698 1505 777 1541 Ἐπὶ
802 1504 844 1541 τὸ
870 1505 1041 1548 Ῠνδεξιον
1064 1506 1268 1549 μαίνονται.
1323 1504 1432 1537 senec.
1462 1504 1542 1538 Con-

140 1575 216 1600 trov.
243 1568 312 1606 IX,
340 1569 397 1606 25,
422 1579 457 1609 p.
485 1568 557 1601 259
580 1569 680 1600 Burs.
707 1568 788 1609 (IV,
815 1568 872 1603 25,
896 1580 929 1610 ρ.
957 1568 1028 1600 285
1054 1567 1150 1609 Rip.)

233 1631 294 1671 74)
321 1630 362 1661 Τ.
378 1631 493 1661 Livius
520 1636 587 1661 tam
614 1631 746 1671 iniquus
763 1630 925 1662 Sallustio
952 1630 1026 1667 fuit,
1053 1636 1088 1660 ut
1112 1630 1199 1660 hanc
1217 1630 1324 1669 ipsam
1343 1630 1542 1660 sententiam

139 1692 242 1731 (‚,Res
261 1692 414 1723 secundae
429 1691 511 1722 mire
527 1697 605 1722 sunt
621 1692 707 1723 vitiis
722 1691 910 1731 obtentui')
934 1698 1093 1733 tanquam
1117 1691 1317 1722 translatam
1333 1698 1365 1721 et
1383 1696 1542 1730 tanquam

139 1759 339 1794 corruptam,
365 1754 443 1784 dum
466 1752 677 1791 transfertur,
705 1753 864 1784 obiiceret
880 1753 1052 1785 Sallustio.
1101 1752 1171 1784 Nec
1188 1753 1253 1783 hoc
1273 1761 1386 1782 amore
1407 1752 1542 1792 Thucy-

139 1813 226 1845 didis
252 1813 351 1849 facit,
379 1819 414 1845 ut
440 1813 533 1844 illum
560 1812 723 1854 praeserat.
751 1815 808 1845 sed
834 1814 968 1847 laudat.
996 1824 1094 1854 quem
1121 1824 1189 1845 non
1214 1814 1327 1853 timet,
1354 1819 1387 1844 et
1406 1813 1540 1845 facilius

137 1881 232 1916 putat
257 1885 354 1916 posse
380 1885 399 1906 a
424 1884 457 1906 se
473 1874 668 1906 Sallustium
696 1875 795 1912 vinci,
823 1875 851 1906 si
878 1882 955 1906 ante
975 1875 1203 1916 aThucydide
1218 1876 1378 1906 vincatur.
1430 1873 1539 1906 Senec.

141 1934 284 1967 Controv.
312 1935 380 1973 ΙΧ
407 1936 462 1971 24,
486 1947 518 1977 p.
547 1934 616 1967 249
641 1935 739 1969 Burs.
777 1935 856 1974 (IV
886 1936 942 1973 24,
967 1947 999 1977 p.
1026 1935 1098 1967 274
1123 1934 1218 1977 Rip.)
