1753 2934
285 180 335 215 66
849 179 1023 212 Periochae

231 308 390 342 Solonem
417 309 558 339 domuit.
614 308 652 340 P.
682 307 823 341 Clodius
847 311 889 342 ad
915 311 1049 352 plebem
1076 312 1218 344 transiit.
1273 312 1309 344 C.
1329 313 1441 345 Caesur
1454 314 1636 348 Lusitanos

229 370 381 409 subegit3
407 379 513 409 eoque
535 370 731 401 consulatus
754 370 934 402 candidato
962 376 995 402 et
1012 379 1168 412 captante
1187 383 1254 404 rem
1273 375 1443 415 publicam
1466 376 1636 416 invadere,

228 431 432 471 conspiratio
466 430 552 462 inter
590 437 656 463 tres
695 431 839 463 civitatis
876 433 1044 473 principes
1085 433 1175 464 sacta
1215 441 1282 472 est,
1327 435 1387 467 Cn.
1426 436 1636 478 Pompeium,

227 491 275 524 Μ.
306 491 480 529 Crassum,
508 491 544 522 C.
574 490 753 524 Caesarem.
803 493 914 532 Leges
941 495 1082 533 agrariae
1110 506 1128 526 a
1155 495 1287 526 Caesare
1315 507 1381 528 cos.
1410 508 1486 528 cum
1514 508 1637 539 magna

227 553 442 584 contentione
483 553 586 584 invito
623 561 742 584 senatu
784 561 817 585 et
854 556 961 586 altero
999 556 1138 587 consule
1182 557 1229 588 M.
1268 557 1391 589 Bibulo
1432 559 1508 590 latae
1545 566 1634 591 sunt.

227 614 265 646 C.
287 616 457 646 Antonius
485 626 616 656 procos.
644 616 677 646 in
694 616 841 647 Thracia
867 627 983 657 parum
1010 627 1167 658 prospere
1191 628 1258 649 rem
1283 619 1399 657 gessit.
1450 620 1497 650 M.
1515 620 1634 653 Cicero

225 677 302 717 lege
329 687 347 708 a
374 676 412 707 P.
439 675 561 707 Clodio
588 685 627 707 tr.
656 678 700 718 pl.
736 678 823 715 lata,
861 678 950 718 quod
987 680 1196 710 indemnatos
1230 680 1319 711 cives
1356 682 1558 719 necavisset,
1599 683 1633 714 in

225 740 384 770 exsilium'
407 740 526 770 missus
553 744 605 770 est.
657 737 771 769 Caesar
795 739 829 769 in
854 741 1061 780 provinciam
1087 739 1234 772 Galliam
1260 740 1428 781 profectus
1448 742 1631 782 Helvetios,

224 810 341 841 vagam
369 808 522 841 gentem,
550 801 696 837 domuit,
736 810 810 841 quae
843 801 955 832 sedem
984 811 1135 843 quaerens
1166 813 1226 843 per
1258 803 1463 843 provinciam
1491 803 1634 838 Caesaris

223 862 418 894 Narbonem
454 863 517 893 iter
550 861 659 892 facere
693 863 836 894 volebat.
904 863 1074 894 Praeterea
1115 865 1213 895 situm
1241 863 1428 896 Galliarum
1472 866 1632 898 continet.

222 924 405 965 Pompeius
439 924 479 954 de
508 923 720 958 Ellitlzridate,
757 922 858 954 ductis
883 931 954 955 ante
988 936 1109 955 carrum
1141 926 1253 957 liberis
1279 927 1483 958 Mithridatis
1516 934 1549 958 et
1573 928 1632 959 Ti-

223 995 327 1026 grane
354 985 513 1024 Tigranis
539 985 618 1022 tilio,
646 985 867 1028 triumphavit
891 987 1106 1027 Magnusque
1140 997 1159 1018 a
1191 993 1263 1018 tota
1296 988 1452 1019 contione
1477 989 1632 1020 consalu-

223 1052 312 1079 tatus
337 1053 398 1078 est.

778 1117 841 1148 EX
866 1117 954 1149 LIB.
983 1116 1073 1149 CIV.

316 1193 429 1224 Prima
459 1202 537 1233 pars
569 1191 645 1222 libri
684 1192 782 1223 situm
817 1191 1005 1224 Germaniae
1039 1204 1212 1234 moresque
1243 1194 1401 1225 continet.
1452 1193 1490 1226 C.
1518 1193 1632 1227 Caesar

222 1265 325 1297 quum
352 1255 515 1285 adversus
542 1253 746 1291 Germanos,
790 1256 844 1295 qui
887 1256 1058 1285 Ariovisto
1095 1256 1178 1286 duee
1217 1256 1249 1285 in
1276 1254 1422 1286 Galliam
1457 1262 1628 1288 transcen-

221 1316 351 1347 derant.
379 1316 562 1346 exercitum
591 1317 726 1346 duceret
753 1322 892 1355 rogatus
919 1317 960 1347 ab
978 1317 1100 1347 AEduis
1127 1323 1157 1346 et
1178 1316 1355 1356 Sequanis,
1382 1327 1521 1356 quorum
1549 1328 1630 1358 ager

219 1377 475 1418 possidebatur,
511 1375 770 1418 trepidationem
806 1377 947 1408 militum
981 1384 1117 1419 propter
1143 1384 1268 1408 metum
1296 1388 1457 1409 novorum
1485 1378 1630 1410 hostium

221 1443 327 1469 ortam
357 1437 561 1468 allocutione
588 1439 756 1468 exereitus
783 1439 928 1470 inhibuit
962 1448 994 1470 et
1023 1440 1130 1470 victos
1155 1439 1274 1480 proelio
1304 1440 1489 1471 Germanos
1518 1440 1630 1471 Gallia

221 1499 358 1540 expulit.
410 1498 455 1530 M.
491 1497 622 1534 Cicero,
665 1498 829 1539 Pompeio
863 1501 951 1531 inter
988 1501 1071 1532 alios
1105 1512 1137 1531 se
1173 1507 1346 1531 exserente
1379 1507 1411 1532 et
1443 1501 1482 1532 T.
1517 1501 1630 1533 Annio

220 1560 348 1592 Milone
375 1567 414 1591 tr.
442 1561 507 1601 pL,
544 1561 672 1599 ingenti
701 1562 824 1599 gaudio
860 1569 997 1593 senatus
1023 1573 1061 1593 ac
1090 1563 1190 1593 totius
1218 1563 1323 1593 Italiae
1357 1563 1399 1593 ab
1433 1563 1553 1594 exsilio
1583 1573 1631 1594 re·

220 1624 341 1654 ductus
374 1630 434 1653 est.
490 1623 550 1653 Cn.
584 1623 747 1663 Pompeio
784 1633 843 1664 per
878 1625 1140 1664 quinquennium
1177 1633 1320 1654 annonae
1357 1633 1437 1655 curn
1472 1625 1631 1655 mandata

220 1692 281 1716 est.
333 1684 448 1716 Caesar
464 1684 663 1717 Ambianos,
693 1684 905 1723 Suessionas,
934 1686 1200 1725 Viromanduos,
1231 1686 1420 1726 Atrebates,
1446 1686 1629 1726 Belgarum

218 1747 381 1788 populos,
418 1755 560 1786 quorum
595 1747 712 1785 ingens
740 1747 920 1777 multitudo
947 1753 1036 1783 erat,
1072 1748 1190 1788 proelio
1217 1747 1324 1777 victos
1359 1748 1393 1777 in
1423 1747 1627 1776 deditionem

218 1809 368 1849 accepit,
403 1818 441 1838 ae
469 1808 587 1838 deinde
615 1814 731 1838 contra
757 1807 908 1841 Nervios,
936 1810 1033 1839 unius
1061 1819 1103 1839 ex
1129 1809 1364 1845 hiseivitatis,
1401 1818 1476 1838 cum
1503 1817 1628 1845 magno

219 1871 411 1901 discrimine
438 1870 601 1910 pugnavit
627 1878 767 1909 eamque
794 1876 927 1909 gentem
955 1870 1088 1906 delevit,
1123 1879 1195 1910 quae
1222 1869 1347 1899 bellum
1375 1869 1490 1908 gessit,
1522 1869 1628 1899 donec

219 1943 261 1964 ex
287 1923 349 1963 lsX
385 1939 589 1963 armatorum
624 1931 660 1961 M
699 1938 921 1971 superessent,
964 1941 1006 1962 ex
1041 1931 1102 1962 DC
1142 1931 1353 1962 senatoribus
1391 1936 1456 1961 tres
1497 1936 1627 1961 tantum

218 1996 408 2027 evaderent.
470 1994 561 2033 Lege
596 1993 666 2024 lata
703 1993 743 2023 de
778 1993 962 2032 redigenda
999 1993 1030 2022 in
1064 1993 1244 2034 provinciae
1277 1992 1419 2023 sormam
1451 1991 1561 2032 Cypro
1596 1996 1629 2022 et

216 2056 423 2097 publicanda
442 2056 586 2096 pecunia
611 2056 703 2095 regia
721 2055 768 2085 M.
787 2053 907 2085 Catoni
934 2055 1179 2085 administratio
1207 2055 1277 2084 eius
1303 2053 1349 2084 rei
1376 2053 1537 2083 mandata
1564 2057 1625 2083 est.

216 2117 422 2149 Ptolemaeus
450 2117 589 2158 JF-gjpti
617 2127 675 2147 rex
703 2117 744 2147 ob
771 2116 922 2155 iniurias,
950 2126 1033 2156 quas
1061 2116 1250 2156 patiebatur
1275 2125 1295 2145 a
1319 2115 1398 2151 suis,
1427 2124 1528 2154 regno
1554 2125 1626 2154 pro-

218 2180 310 2220 fuqus
348 2180 490 2209 Romam
529 2179 628 2209 venit.
696 2178 734 2211 C.
761 2177 877 2209 Caesar
906 2177 1074 2213 Venetos,
1117 2183 1248 2217 gentem
1291 2175 1426 2207 Oceano
1466 2176 1625 2212 iunctam,

216 2241 325 2271 navali
352 2240 472 2282 proelio
498 2240 588 2271 vicit.
646 2239 815 2270 Praeterea
841 2249 891 2271 res
917 2249 937 2269 a
965 2239 1084 2278 legatis
1110 2239 1180 2270 eius
1208 2239 1325 2269 eadem
1353 2237 1488 2268 fortuna
1514 2241 1626 2276 gestas

217 2303 377 2334 confinem

781 2384 845 2415 EX
872 2384 959 2415 LIB.
988 2383 1061 2416 CV.

311 2462 422 2501 Quum
442 2461 479 2493 C.
498 2460 636 2492 Catonis
660 2461 782 2491 tribuni
803 2461 910 2501 plebis
937 2459 1234 2491 intercessionibus
1261 2457 1396 2488 comitia
1415 2456 1624 2492 tollerentur,

216 2529 354 2555 senatus
380 2530 507 2553 vestem
535 2523 684 2554 mutavit.
736 2522 779 2552 M.
808 2520 893 2552 Cato
928 2523 960 2551 in
997 2522 1155 2562 petitione
1182 2526 1351 2561 praeturae,
1389 2517 1527 2558 praelnto
1553 2516 1623 2547 Va-

214 2586 310 2621 tinio,
343 2585 511 2626 repulsam
540 2585 626 2615 tulit.
697 2584 787 2614 Idem
827 2594 927 2624 quum
967 2584 1073 2622 legem
1111 2583 1300 2622 impediret,
1343 2589 1410 2620 qua
1446 2578 1623 2620 provinciae

216 2647 411 2678 consulibus
438 2647 470 2677 in
497 2646 775 2687 quinquennium,
808 2644 968 2685 Pompeio
997 2644 1175 2684 Hispaniae,
1212 2642 1334 2673 Crasso
1361 2641 1457 2681 Syria
1484 2645 1515 2670 et
1541 2639 1623 2670 Par-

215 2708 341 2740 thicum
369 2709 496 2739 bellum
525 2709 701 2745 dabantur,
729 2718 747 2738 a
766 2705 804 2738 C.
823 2706 994 2737 Trebonio
1022 2712 1060 2736 tr.
1079 2705 1136 2746 pl„
1165 2705 1249 2745 legis
1266 2708 1413 2739 auctore,
1439 2701 1474 2732 in
1489 2700 1624 2732 vincula
