1742 2902
464 134 567 164 Liber
591 134 700 165 XLII.
753 134 814 174 (A.
843 133 922 166 Chr.
954 134 1048 174 173.)
1354 137 1404 171 43

766 232 784 247 Χ

53 267 181 294 menes
211 267 292 299 rex,
328 254 643 290 commentarium
674 253 799 290 ferens
829 266 970 300 secum,
1002 255 1105 303 quod
1135 255 1182 291 de
1213 256 1461 303 apparatibus

53 325 140 362 belli
174 324 303 360 onmia
333 323 527 370 inquirens
558 322 726 367 fecerat,
756 325 922 360 Romam
952 325 1063 361 venit.
1129 325 1208 361 Per
1236 324 1334 361 idem
1367 331 1461 361 tem·

53 406 123 443 pus
169 393 335 440 quinque
371 392 486 439 legati
530 392 578 428 ad
613 404 741 438 regem
772 393 902 437 missi,
948 394 1010 440 qui
1056 405 1115 429 res
1157 394 1194 429 in
1235 394 1463 430 Macedonia

54 463 277 512 aspicerent.
351 460 630 497 Alexandriam
681 461 792 497 iidem
839 462 888 497 ad
938 462 1188 498 Ptolemaeum
1234 463 1464 499 renovandae

53 531 227 570 amicitiae
256 542 374 567 causa
404 530 592 578 proficisci
621 530 725 567 iussi.
793 531 928 579 Legati
960 538 1067 567 erant
1100 532 1156 567 hi:
1197 531 1239 568 C.
1273 532 1464 576 Valerius,

53 601 121 639 Cn.
152 600 327 637 Lutatius
359 598 492 644 Cerco,
524 599 571 646 Q.
587 600 740 636 Baebius
771 600 906 645 Sulca,
938 602 990 637 M.
1010 600 1209 637 Cornelius
1240 602 1465 645 Mammula,

53 671 106 708 M.
143 669 316 706 Caecilius
347 669 504 705 Denter.
582 670 633 706 Et
661 671 707 705 ab
739 670 933 707 Antiocho
964 682 1052 718 rege
1082 671 1152 707 sub
1182 671 1281 706 idem
1316 676 1464 719 tempus

53 739 169 787 legati
199 747 404 781 venerun13
436 751 597 785 quorum
618 739 794 787 princeps
812 740 1056 787 Apollonius,
1087 740 1123 775 in
1152 746 1324 776 senatum
1345 741 1466 776 intro-

54 809 210 849 ductus,
251 807 378 843 multis
408 807 594 855 iustisque
624 809 750 843 causis
780 821 909 856 regem
941 809 1159 853 excusavit,
1193 809 1295 856 quod
1325 809 1466 857 stipen-

54 879 155 914 dium
187 877 307 913 serius
339 888 453 924 quam
487 877 535 912 ad
566 877 663 912 diem
696 884 906 926 praestaret.
963 878 1007 913 Id
1039 890 1080 914 se
1110 890 1221 914 omne
1253 879 1467 921 advexisse,

55 960 102 984 ne
138 946 243 983 cuius
281 945 352 981 nisi
396 946 578 994 temporis
616 947 742 995 gratia
787 948 869 995 regi
899 948 1016 983 fieret.
1099 948 1251 983 Donum
1283 953 1468 995 praeterea

55 1016 223 1059 adferre,
270 1027 366 1051 vasa
396 1028 514 1051 aurea
553 1016 798 1065 quingentum
838 1017 980 1064 pondo,
1046 1018 1184 1053 Petere
1219 1028 1369 1064 regem,
1415 1023 1466 1061 ut,

55 1098 138 1133 quae
168 1097 252 1121 cum
285 1090 393 1132 patre
423 1096 492 1121 suo
519 1086 683 1122 societas
723 1087 850 1133 adque
881 1086 1049 1122 amicitia
1078 1086 1232 1130 fuisset,
1265 1099 1310 1122 ea
1340 1097 1467 1122 secum

55 1160 326 1198 renovaretur,
370 1153 653 1202 imperaretque
687 1155 758 1191 sibi
789 1156 953 1203 populus
986 1157 1201 1199 Romanus,
1247 1167 1331 1203 quae
1368 1155 1468 1191 bono

55 1224 231 1271 fidelique
261 1223 365 1259 socio
396 1224 476 1270 regi
512 1232 637 1260 essent
668 1225 914 1272 imperandm
945 1237 985 1261 se
1016 1225 1118 1261 nullo
1151 1237 1310 1272 usquam
1343 1237 1468 1261 cessa-

55 1300 179 1330 turum
211 1291 351 1328 officio.
432 1293 492 1329 Ea
524 1294 659 1329 merita
689 1295 726 1330 in
761 1307 798 1330 se
836 1301 991 1330 senatus
1034 1294 1174 1333 fuisse,
1219 1307 1304 1329 cum
1337 1295 1470 1330 Romae

58 1369 168 1407 esset,
200 1375 284 1398 eam
317 1362 535 1398 comitatem
568 1363 796 1409 iuventutis,
828 1369 868 1399 ut
898 1376 967 1411 pro
998 1375 1100 1411 rege,
1132 1376 1207 1398 non
1238 1376 1308 1411 pro
1339 1364 1470 1400 obside

58 1432 232 1469 omnibus
263 1431 460 1468 ordinibus
494 1432 620 1469 fuerit.
678 1434 836 1482 Legatis
865 1433 1029 1480 benigne
1058 1445 1307 1481 responsum,
1339 1440 1376 1470 et
1404 1446 1469 1469 so-

58 1502 231 1539 cietatem
263 1513 452 1538 renovare
485 1513 569 1539 cum
602 1503 817 1547 Antiocho,
853 1515 936 1550 quae
967 1514 1051 1538 cum
1083 1509 1192 1550 patre
1222 1503 1303 1539 eius
1332 1502 1470 1547 fuerat,

59 1573 107 1608 A.
139 1571 282 1608 Atilius
313 1579 452 1619 praetor
484 1573 651 1608 urbanus
682 1572 819 1607 iussus.
894 1571 1112 1617 Quaestores
1153 1572 1288 1608 urbani
1329 1572 1470 1621 stipen-

58 1641 174 1684 dium,
205 1651 300 1675 vasa
331 1653 447 1677 aurea
478 1653 653 1678 censores
685 1648 924 1688 acceperunt,
956 1641 1085 1688 eisque
1115 1642 1308 1689 negotium
1341 1642 1470 1678 datum

59 1715 138 1753 est,
184 1716 224 1745 ut
254 1716 440 1758 ponerent
472 1722 538 1754 ea,
581 1710 618 1746 in
659 1710 795 1758 quibus
825 1710 976 1758 templis
1014 1710 1223 1753 videl-etun
1268 1711 1473 1759 legatoque

60 1785 207 1816 centum
240 1778 398 1814 millium
429 1779 513 1815 aeris
544 1791 679 1815 munus
724 1779 880 1815 missum
926 1787 964 1815 et
999 1780 1100 1815 aedes
1136 1779 1265 1816 liberae
1305 1781 1471 1828 hospitio

59 1848 169 1893 datae,
199 1854 449 1896 sumptusque
481 1849 666 1892 decretus,
698 1849 818 1885 donec
848 1849 884 1884 in
920 1849 1032 1884 Italia
1063 1856 1173 1884 esset.
1226 1849 1374 1896 Legati,
1406 1849 1471 1897 qui

59 1917 97 1954 in
127 1917 240 1966 Syria
269 1918 433 1961 fuerant,
463 1918 788 1962 renuntiaverant,
818 1918 855 1954 in
887 1919 1057 1954 maximo
1089 1931 1172 1954 eum
1204 1919 1349 1954 honore
1381 1925 1474 1966 aput

60 1999 187 2036 regem
221 1999 304 2023 esse
335 1986 684 2034 amicissimumque
712 1987 856 2035 populo
888 1988 1078 2024 Romano.

169 2057 215 2093 In
246 2056 451 2104 provinciis
489 2069 534 2093 eo
565 2069 664 2093 anno
695 2057 776 2092 haec
805 2063 901 2094 acta.
962 2056 1004 2092 C.
1039 2055 1231 2093 Cicereius
1261 2062 1402 2104 praetor
1430 2056 1468 2092 in

61 2123 220 2162 Corsica
258 2125 375 2173 signis
413 2126 575 2162 conlatis
615 2126 819 2174 pugnavit3
864 2126 943 2162 VII
975 2126 1079 2162 milia
1115 2125 1323 2163 Corsorum
1361 2137 1471 2170 caesa,

61 2298 81 2325 2
107 2296 374 2326 conmentarium
396 2293 401 2336 Ι
424 2295 533 2335 quode
560 2296 807 2336 apparitoribus
845 2295 877 2332 4,
909 2299 926 2325 2
955 2295 996 2325 ab
1023 2304 1135 2335 regem
1179 2299 1198 2326 3
1225 2295 1313 2325 idem
1337 2295 1340 2334 Ι
1362 2294 1472 2335 ptole-

61 2360 170 2383 meum
219 2352 250 2390 5,
281 2356 294 2383 l
324 2352 371 2383 hii
421 2356 439 2382 2
468 2350 578 2392 Ssyon.
609 2353 645 2384 C.
669 2352 840 2391 Lutatius}
862 2361 1028 2392 cereoque
1054 2352 1172 2384 bebius
1194 2353 1198 2391 Ι
1221 2361 1354 2383 marcus
1401 2351 1466 2389 6‚1

61 2413 95 2440 et
115 2409 276 2440 anthioco
317 2413 336 2440 3
356 2409 602 2450 excusabitquo
626 2410 828 2450 stipendium
862 2408 894 2447 7,
924 2412 943 2439 2
967 2410 1075 2448 quoad
1102 2409 1191 2440 diem
1206 2408 1358 2439 Dukerus
1377 2408 1380 2450 Ι
1397 2416 1472 2448 pre-

61 2467 149 2495 taret
202 2469 222 2496 4
248 2464 356 2497 aferre
404 2466 436 2504 9,
466 2469 479 2496 l
508 2467 542 2496 in
568 2472 704 2498 senatus
753 2466 808 2504 10,
839 2470 858 2496 2
885 2467 1019 2497 antioco
1067 2470 1086 2497 3
1113 2467 1185 2497 urb.
1208 2465 1334 2506 (Etiam
1353 2463 1471 2506 (ἲν-9η.)

61 2519 117 2559 11,
145 2525 163 2552 2
191 2522 288 2563 eique
334 2526 354 2553 3
382 2523 619 2564 uidereturquc
643 2523 758 2563 legato
785 2522 875 2555 Fort.
903 2523 999 2563 eique
1026 2522 1140 2562 legato
1172 2527 1192 2554 4
1218 2523 1323 2554 libere
1373 2525 1391 2552 5
1419 2531 1472 2553 es-

61 2583 137 2609 sent
168 2579 340 2620 legatique
372 2581 407 2610 in
460 2580 514 2619 12,
543 2585 561 2611 2
593 2580 872 2611 renuntiauerant
921 2578 1010 2611 Crev.
1046 2579 1136 2621 (Em.
1170 2578 1273 2620 509.)
1297 2580 1302 2618 Ι
1324 2578 1471 2610 maxime

61 2644 142 2684 vn,
177 2646 207 2684 1,
239 2651 251 2678 1
280 2648 353 2678 haec
379 2657 406 2678 c.
434 2648 564 2679 cei-eius
597 2647 718 2690 (Gryn.
750 2647 936 2688 Cicereius)
962 2646 1094 2690 Kreyss.
1118 2647 1124 2688 1
1145 2648 1181 2678 in
1207 2633 1354 2679 soorsica

1509 1435 1552 1468 10

1507 1571 1548 1604 11

1508 1848 1553 1883 12
