1753 2934
268 130 316 166 '212'
825 129 998 161 Periocha·

209 259 297 290 victa
322 260 364 289 ad
391 259 533 299 AEgutes
565 259 692 290 insulas
724 260 831 292 classe
858 260 1056 299 Poenorum,
1090 261 1257 303 imposuit.
1308 262 1505 295 Petentibus
1532 263 1612 296 Car-

209 320 478 360 thaginiensibus
502 331 569 361 pax
595 321 675 352 data
699 327 758 353 est.
812 320 922 359 Quum
950 322 1112 362 templum
1139 322 1250 353 Vestae
1278 324 1418 362 arderet,
1458 324 1611 358 Caecilius

209 382 365 413 Metellus
407 382 562 422 pontifex
598 384 761 414 maximus
800 393 842 414 ex
874 384 1029 415 incendio
1066 393 1162 415 sacra
1198 384 1316 425 rapuit.
1384 385 1468 416 Duae
1506 387 1610 419 tribus

207 443 345 474 adiectae
371 450 457 479 sunt,
487 443 608 474 Velina
633 450 665 474 et
693 442 841 482 Quirina.

768 551 830 582 EX
854 551 941 582 LIB.
969 551 1047 582 XX.

298 625 422 656 Falisci
449 635 550 665 quum
579 626 817 668 rebellassent,
855 635 950 659 sexto
979 629 1030 659 die
1055 628 1231 669 perdomiti
1267 628 1299 657 iu
1326 627 1527 658 deditionem
1555 637 1609 659 ve-

205 693 335 717 nerunt.
387 686 573 728 Spoletium
601 688 735 719 colonia
751 689 894 720 deducta
915 696 975 720 est.
1026 691 1201 720 Adversus
1219 689 1360 728 Ligures
1375 694 1452 719 tunc
1466 689 1608 730 primum

205 749 371 780 exercitus
407 755 579 789 promotus
615 756 674 781 est.
727 750 823 781 Sardi
861 757 893 782 et
927 751 1022 782 Corsi
1061 761 1161 790 quum
1199 750 1439 787 rebellassent,
1479 750 1608 781 subacti

205 815 292 840 sunt.
348 810 475 841 Tuccia
491 812 584 851 virgo
599 811 747 843 Vestalis
773 813 889 843 incesti
910 813 1069 843 damnata
1089 819 1148 843 est.
1193 811 1323 842 Bellum
1343 811 1463 852 Illyriis
1477 817 1610 852 propter

205 880 307 901 unum
335 881 376 902 ex
401 872 532 911 legatis,
560 873 614 913 qui
642 874 684 903 ad
711 884 767 905 eos
794 875 884 905 missi
912 880 1018 912 erant,
1045 874 1193 905 occisum
1212 873 1374 903 indictum
1401 878 1462 910 est,
1489 874 1607 904 subac-

202 931 293 972 tique
330 933 363 962 in
398 933 602 964 deditionem
630 943 801 966 venerunt.
852 936 1037 966 Praetorum
1071 945 1228 966 numerus
1260 934 1439 975 ampliatus
1472 941 1537 972 est,
1573 940 1607 965 ut

202 1000 310 1024 essent
342 993 404 1025 IV.
473 996 561 1026 Galli
588 997 824 1038 Transalpini,
861 998 915 1037 qui
951 998 984 1027 in
1010 997 1145 1028 Italiam
1180 997 1383 1036 irruperant,
1417 996 1492 1027 eaesi
1519 1002 1605 1028 sunt.

202 1055 253 1085 Eo
287 1055 377 1086 bello
412 1058 572 1097 populum
601 1058 789 1089 Romanum
823 1060 872 1089 sui
898 1059 1078 1098 Latinique
1112 1059 1257 1089 nominis
1286 1047 1377 1089 CCC
1399 1064 1605 1090 armatorum

202 1116 358 1148 habuisse
385 1118 476 1149 dicit.
528 1119 741 1151 Exercitibus
760 1121 924 1152 Romanis
952 1128 1030 1151 tunc
1056 1121 1198 1161 primum
1225 1126 1316 1150 trans
1328 1120 1457 1151 Padum
1484 1121 1604 1158 ductis,

205 1176 295 1209 Galli
323 1179 484 1211 Insubres
511 1181 640 1221 aliquot
665 1182 791 1222 proeliis
816 1181 880 1212 susi
908 1182 941 1212 in
967 1183 1171 1212 deditionem
1199 1187 1369 1213 venerunt.
1429 1182 1477 1212 M.
1506 1181 1604 1213 Clau-

199 1240 272 1271 dius
288 1240 471 1271 Marcellus
498 1251 578 1279 eos„
606 1244 715 1274 occiso
733 1242 906 1274 Gallorum
935 1243 1126 1274 Insubrium
1153 1244 1236 1274 duce
1251 1243 1465 1282 Virdomaro,
1493 1244 1603 1285 opima

198 1301 306 1342 spolia.
340 1302 463 1334 retulit.
526 1304 630 1335 Histri
665 1305 793 1336 subacti
829 1312 915 1336 sunt.
976 1305 1060 1335 Item
1088 1304 1205 1345 Illyrii,
1241 1314 1342 1343 quum
1377 1304 1603 1345 rebellassent,

199 1363 316 1394 domiti
342 1365 375 1394 in
402 1365 606 1396 deditionem
634 1372 806 1397 venerunt.
858 1367 1016 1397 Lustrum
1045 1376 1064 1396 a
1089 1366 1284 1396 censoribus
1309 1366 1480 1396 eonditum
1501 1363 1601 1407 est¹).

197 1424 312 1455 Primo
337 1425 442 1457 lustro
477 1437 575 1458 censa
616 1434 694 1459 sunt
719 1429 837 1460 civium
872 1429 983 1469 capita
999 1417 1173 1460 &CLXX
1195 1426 1367 1458 CCXIII.
1387 1442 1402 1458 u
1423 1452 1430 1459 .
1484 1428 1602 1460 Liber-

199 1485 257 1515 tini
285 1487 318 1516 in
345 1493 502 1527 quattuor
529 1489 633 1519 tribus
668 1490 791 1520 redacti
829 1498 922 1527 sunt,
961 1500 1061 1530 quum
1097 1497 1194 1520 antea
1222 1489 1358 1530 dispersi
1392 1498 1451 1530 per
1488 1489 1603 1521 om'nes

198 1546 356 1578 fuissent.
387 1549 614 1589 Esquilinam,
642 1550 848 1589 Palatinam,
876 1553 1108 1585 Suburanam.
1136 1550 1315 1582 Collinam.
1371 1549 1405 1581 C.
1426 1550 1604 1582 Flaminius

197 1619 304 1639 censor
329 1609 410 1640 viam
431 1609 626 1641 Flaminiam
653 1614 771 1644 muniit
798 1620 829 1644 et
853 1616 976 1645 circum
992 1613 1196 1644 Flaminium
1223 1612 1396 1644 exstruxit.
1452 1611 1601 1644 Colonia:

197 1670 348 1701 deductae
375 1679 452 1702 sunt
476 1673 510 1703 in
537 1683 618 1714 agro
644 1684 663 1705 a
689 1674 795 1706 Gallis
821 1683 918 1717 capto
943 1676 1119 1707 Placentia
1144 1680 1175 1705 et
1201 1673 1377 1705 Cremona.

751 1782 813 1813 Ex
839 1782 925 1813 Llss.
954 1782 1048 1814 XXI.

285 1854 386 1886 Initia
413 1856 491 1887 belli
518 1857 634 1888 Punici
663 1859 802 1889 secundi
828 1865 1005 1889 narrantur
1031 1865 1063 1888 et
1081 1858 1282 1889 Hannibalis
1309 1858 1402 1889 ducis
1421 1858 1599 1889 Poenorum

197 1922 313 1946 contra
339 1916 450 1950 foedus
476 1928 535 1959 per
560 1918 721 1950 Hiberum
748 1920 871 1951 flumen
897 1921 1075 1959 transitus;
1101 1930 1120 1951 a
1147 1930 1212 1960 quo
1234 1919 1421 1959 Saguntum
1445 1919 1598 1950 sociorum

194 1978 308 2018 populi
337 1979 480 2011 Romani
526 1981 641 2012 civitas
674 1982 811 2013 obsessa
850 1988 966 2012 octavo
1003 1991 1117 2013 mense
1154 1989 1253 2022 capta
1284 1987 1344 2012 est.
1394 1981 1447 2012 De
1479 1981 1599 2020 quibus

195 2039 322 2070 iniuriis
349 2041 438 2071 missi
466 2041 566 2081 legati
602 2044 641 2073 ad
671 2042 966 2083 Carthaginienses
1001 2044 1056 2084 qui
1087 2049 1311 2084 quererentur.
1364 2042 1474 2080 Quum
1502 2043 1597 2074 satis-

195 2100 304 2131 facere
332 2101 469 2140 nollent,
508 2102 631 2133 bellum
659 2105 706 2134 eis
740 2105 899 2135 indictum
927 2112 985 2136 est.
1038 2105 1221 2142 Hannibal,
1255 2112 1410 2145 superato
1435 2104 1597 2145 Pyrenaeo

195 2162 292 2200 saltu,
320 2173 378 2203 per
405 2162 545 2201 Gallias,
573 2164 653 2196 susis
667 2165 798 2204 Volcis,
829 2167 883 2205 qui
911 2166 1071 2197 obsistere
1099 2168 1208 2197 conati
1235 2172 1329 2197 erant
1353 2167 1393 2202 ei,
1421 2167 1461 2197 ad
1489 2166 1597 2207 Alpes

193 2225 283 2254 venit
318 2230 350 2254 ct
384 2225 553 2257 laborioso
590 2237 648 2267 per
680 2237 736 2258 eas
771 2228 929 2264 transitu,
966 2237 1067 2267 quum
1100 2234 1277 2259 montanos
1312 2238 1445 2269 quoquc
1480 2228 1596 2260 Gallos

194 2285 309 2316 obvios
335 2286 465 2326 aliquot
490 2288 616 2328 proeliis
643 2289 837 2330 repulisset,
875 2290 1049 2320 descendit
1075 2290 1108 2320 in
1134 2290 1266 2320 Italiam
1305 2295 1337 2320 ct
1373 2290 1413 2320 ad
1440 2290 1595 2321 Ticinum

194 2346 317 2377 flumen
332 2347 506 2380 Romanos
531 2351 674 2391 equestri
701 2351 819 2392 proelio
843 2350 946 2388 sudit3
972 2353 1003 2382 in
1031 2361 1096 2392 quo
1121 2351 1327 2382 vulneratum
1346 2350 1385 2381 P.
1401 2349 1594 2382 Cornelium

192 2408 381 2450 Scipionem
408 2412 553 2451 protexit
578 2413 677 2451 filius,
710 2414 765 2453 qui
792 2412 945 2444 Africani
971 2418 1089 2454 postea
1115 2422 1236 2444 nomen
1262 2414 1402 2454 aceepit.
1452 2413 1594 2444 Iterum-

192 2480 256 2511 que
282 2473 431 2503 exercitu
458 2474 613 2504 Romano
640 2475 682 2505 ad
707 2474 828 2505 flumen
855 2475 1013 2506 Trebiam
1041 2467 1126 2514 fuso,
1153 2475 1324 2506 Hannibal
1349 2475 1593 2516 Appenninum

192 2540 324 2572 quoque
357 2543 414 2573 per
446 2545 600 2575 magnam
639 2538 847 2568 vexationem
887 2537 1027 2568 militum
1067 2543 1203 2578 propter
1242 2537 1306 2567 vim
1342 2538 1591 2578 tempestatium

265 2669 292 2699 ¹)
313 2671 455 2695 Exi-fidisse
475 2672 581 2695 ridetur
601 2672 649 2695 ter.
