1742 2902
496 128 599 160 Liber
622 127 750 159 me.
810 126 870 168 (A.
902 126 979 158 Chr.
1011 125 1104 166 170.)
1378 127 1451 162 127

97 264 235 300 resque
265 263 460 287 accessere
490 259 734 287 accusatores
769 249 844 285 duo
879 250 1017 286 tribuni
1049 249 1184 298 plebis,
1217 248 1279 284 Μ’.
1311 246 1508 283 Iuventius

99 322 253 359 Thalna
283 328 319 357 et
349 319 420 359 Cn.
451 320 641 356 Aufidius.
722 319 755 355 Ii
794 331 869 355 non
906 320 942 355 in
982 327 1115 355 senatu
1147 318 1261 354 modo
1292 330 1375 353 eum
1408 317 1508 353 lace-

98 399 244 434 rarunt,
275 391 340 426 sed
371 390 409 426 in
441 389 657 425 contionem
689 389 803 425 etiam
837 397 1042 436 pertracto,
1074 389 1199 424 multis
1229 387 1386 424 obiectis
1417 399 1508 434 pro·

99 461 190 504 bris,
221 460 318 495 diem
349 459 539 496 dixerunt.
600 458 765 495 Senatus
796 459 900 495 iussu
935 458 1250 495 Chalcidensibus
1281 457 1327 504 Q.
1346 457 1506 492 Maenius

98 536 240 579 praetor
278 528 497 576 respondit,
544 540 628 575 quae
673 529 768 564 bene
815 529 969 565 meritos
1012 541 1095 565 sese
1133 536 1169 564 et
1207 534 1295 562 ante
1329 534 1363 561 et
1396 527 1432 562 in
1463 538 1508 562 eo

97 599 217 643 bello,
263 598 363 646 quod
395 604 570 646 geratur,
619 598 665 634 de
697 599 840 646 populo
873 600 1049 635 Romano
1081 599 1227 634 dicant.
1273 609 1317 632 ea
1348 603 1383 631 et
1413 596 1511 632 scire

98 681 191 705 vera
222 680 287 704 eos
317 667 459 704 referre
490 675 677 712 senatum,
709 675 744 704 et
774 669 943 716 perinde,
975 681 1019 704 ac
1050 669 1231 710 debeant„
1269 675 1380 714 grata
1411 679 1508 704 esse.

99 739 194 786 Quae
223 738 326 774 facta
356 751 378 774 α
410 737 450 775 C.
481 739 662 774 Lucretio
693 739 850 786 fierique
882 739 930 774 ab
964 739 1007 774 L.
1041 736 1248 773 Hortensio
1279 736 1506 784 praetoribus

97 809 284 846 Romanis
316 815 545 856 querantur,
591 821 636 843 ea
667 820 790 855 neque
821 807 925 843 facta
956 820 1079 855 neque
1110 806 1190 842 fieri
1221 806 1419 841 voluntate
1449 817 1507 840 se-

98 885 233 923 natus,
279 891 390 926 quem
426 891 500 913 non
532 890 645 926 posse
676 878 914 922 existimarffi
960 877 1023 924 qui
1054 877 1160 920 sciat,
1205 876 1343 911 bellum
1377 873 1508 910 Persei

99 954 136 985 et
166 955 253 984 ante
283 948 476 996 Philippm
508 948 607 996 patri
639 947 740 990 eius,
771 946 942 982 intulisse
972 946 1154 993 populum
1186 947 1402 982 Romanum
1436 955 1506 990 pro

98 1017 273 1053 libertate
305 1017 487 1061 Graeciae3
518 1030 594 1053 non
624 1024 665 1053 ut
695 1029 741 1052 ea
776 1029 798 1052 a
829 1016 1116 1064 magistratibus
1147 1016 1224 1051 suis
1257 1014 1350 1049 socii
1381 1013 1509 1060 adque

100 1087 212 1124 amici
246 1086 493 1135 paterentur?
569 1087 735 1123 Litteras
774 1099 815 1122 se
855 1087 902 1121 ad
939 1087 984 1123 L.
1018 1085 1267 1121 Hortensium
1305 1090 1508 1131 praetorem

99 1157 257 1200 daturos
288 1170 394 1201 esse,
444 1170 527 1205 quae
558 1156 830 1193 Chalcidenses
872 1162 1081 1204 querantur
1121 1162 1228 1198 acta‚
1275 1165 1321 1189 ea
1361 1150 1510 1187 senatui

99 1239 175 1262 non
205 1227 376 1274 pla(·ere;
416 1227 448 1262 si
479 1227 543 1274 qui
573 1227 610 1263 in
641 1228 859 1263 servitutem
889 1226 996 1262 liberi
1014 1225 1217 1263 venissent.
1247 1230 1288 1258 ut
1318 1235 1383 1258 eos
1414 1234 1509 1258 con-

100 1297 294 1344 quirendos
323 1297 446 1344 primo
487 1309 640 1344 quoque
670 1305 841 1345 tempore
870 1296 1203 1342 restituendosque
1228 1294 1265 1329 in
1294 1293 1510 1329 libertatem

99 1373 269 1410 curaret;
325 1367 516 1403 sociorum
562 1366 756 1402 navalium
801 1366 988 1401 nerninem
1041 1373 1178 1413 praeter
1223 1363 1428 1410 magistros
1472 1362 1511 1398 in

99 1435 268 1483 hospitia
297 1436 432 1472 deduci
463 1449 612 1484 aequum
648 1449 813 1472 censere.
858 1436 952 1472 Haec
984 1434 1192 1470 Hortensio
1226 1434 1330 1469 iussu
1355 1439 1511 1467 senatus

99 1505 255 1554 scripta.
328 1507 493 1543 Munera
538 1507 667 1542 binum
709 1506 853 1541 milium
897 1506 981 1541 aeris
1021 1505 1158 1552 legatis
1189 1505 1306 1540 missa
1336 1508 1371 1537 et
1402 1501 1509 1537 vehi-

100 1575 187 1612 cula
217 1576 374 1612 Micioni
408 1577 559 1624 publice
591 1577 737 1620 locata,
784 1588 868 1623 quae
911 1588 995 1611 eum
1031 1574 1275 1611 Brundisium
1309 1571 1511 1609 commode

98 1646 363 1694 perveherent.
426 1645 470 1684 C.
503 1647 743 1691 Lucretium,
788 1646 851 1681 ubi
883 1646 982 1690 dies,
1016 1658 1100 1693 quae
1130 1645 1231 1680 dieta
1260 1649 1364 1686 erat,
1393 1641 1511 1686 venit,

99 1715 240 1751 tribuni
271 1716 319 1751 ad
350 1716 531 1764 populum
565 1723 804 1760 accusarunt,
839 1716 1074 1762 multamque
1103 1714 1228 1750 decies
1259 1720 1409 1750 centum
1440 1711 1513 1747 mi-

98 1784 189 1821 lium
221 1786 305 1821 aeris
336 1786 524 1822 dixerunt.
569 1785 746 1823 Comitiis
776 1786 929 1831 habitis,
963 1797 1094 1821 omnes
1129 1785 1297 1832 quinque
1327 1790 1362 1819 et
1381 1782 1511 1819 XXX

99 1855 221 1892 tribus
249 1869 332 1892 eum
364 1857 678 1894 condemnarunt.

211 1927 257 1963 In
287 1927 494 1975 Liguribus
537 1940 581 1963 eo
623 1939 717 1963 anno
752 1925 846 1961 nihil
884 1924 1132 1960 memorabile
1165 1931 1327 1972 gestum.
1403 1923 1509 1960 Nam

100 2007 170 2032 nec
209 1996 340 2032 hostes
378 2002 579 2032 moverunt-
627 2009 735 2032 arma
778 2008 903 2043 neque
947 1995 1079 2031 consul
1122 1995 1159 2030 in
1205 2007 1339 2042 agrum
1377 2005 1510 2029 eorum

100 2065 270 2114 legiones
299 2066 471 2112 induxit,
517 2073 575 2111 et⁷
619 2066 711 2102 satis
743 2065 946 2113 explorata
971 2061 1070 2112 ffimce
1107 2065 1186 2100 eius
1218 2064 1326 2109 anni,
1372 2063 1510 2098 milites

103 2135 264 2171 duarum
297 2135 490 2183 legionum
521 2137 784 2173 Romanarum
815 2136 916 2171 intra
946 2135 1026 2170 dies
1056 2135 1157 2170 LX.
1197 2147 1311 2181 quam
1354 2133 1391 2169 in
1420 2145 1513 2181 pro-

104 2297 124 2326 3
149 2304 195 2326 m.
227 2295 398 2325 iuuentius
429 2293 523 2324 talna
555 2291 666 2334 Siyon.
739 2293 772 2327 4,
813 2297 826 2324 l
865 2298 982 2324 senatu
1004 2292 1009 2331 1
1032 2288 1512 2331 οεὶοἱᾱθῃεὶὃιιεφιθζωεεηιιε

103 2362 201 2393 supra
233 2362 296 2383 nus
331 2351 448 2392 scripto
472 2352 483 2381 i
541 2355 560 2381 4
587 2352 695 2391 gratia
748 2351 779 2387 5,
810 2355 821 2381 l
861 2350 951 2381 facta
986 2360 1013 2381 c,
1040 2350 1183 2381 lucretio
1208 2350 1346 2388 fierique
1373 2347 1478 2389 (prius
1504 2346 1516 2377 i

103 2419 202 2454 supra
225 2409 391 2450 scriptum)
422 2409 464 2439 ab
491 2409 632 2439 lucretio
658 2409 833 2439 hortensio
859 2409 1048 2449 pretoribus
1098 2412 1116 2438 2
1145 2414 1338 2448 quaerantur
1359 2407 1364 2445 Ῑ
1386 2406 1427 2436 fie
1452 2415 1514 2436 uo-

103 2465 252 2497 luntates
306 2466 338 2505 6,
373 2470 387 2497 1
420 2465 519 2508 Gryn.
553 2467 649 2497 Persi
714 2471 732 2497 2
770 2467 879 2507 patria
940 2469 959 2496 3
986 2465 1238 2503 magistratibus
1265 2472 1301 2495 ut
1327 2466 1397 2495 soci
1420 2462 1513 2494 Duk.

105 2520 179 2553 Em.
214 2521 286 2553 552
341 2521 461 2565 (Gryn.
496 2525 749 2564 magistratibus
787 2524 887 2555 sociis
919 2530 1019 2564 atque
1053 2523 1184 2563 amicis)
1219 2523 1224 2560 Ι
1261 2530 1361 2562 atque
1437 2520 1468 2557 7,
1495 2525 1513 2551 2

105 2579 336 2610 calchidenses
362 2588 555 2620 quaerantur
595 2585 614 2612 3
642 2588 678 2611 ut
704 2592 761 2613 eos
787 2591 850 2612 con
877 2581 985 2621 primo
1033 2580 1066 2617 8,
1093 2585 1111 2611 2
1139 2581 1282 2611 millium
1324 2584 1343 2611 3
1369 2579 1515 2621 publieae

105 2635 161 2675 10,
188 2640 207 2668 2
235 2637 312 2668 trib·
359 2637 422 2676 IX,
459 2638 492 2676 1,
529 2642 542 2670 1
578 2648 618 2670 eo
643 2639 730 2669 nihil
779 2643 798 2670 2
825 2648 899 2680 neq.
934 2639 1122 2670 consulium
1149 2648 1270 2679 agrum

1541 733 1562 767 0!

1548 1781 1593 1816 10

1540 2061 1562 2097 ΚΟ
