1753 2934
617 131 691 162 Lib.
721 128 1047 162 cxiv-cxvm.
1438 133 1482 167 71

136 263 292 300 honores,
330 271 430 302 quum
457 267 535 292 ante
561 261 664 292 aedcm
690 261 832 292 Veneris
859 259 1047 292 Genetricis
1074 262 1214 298 sederet,
1254 269 1320 291 non
1347 260 1542 298 assurrexit,

137 330 169 355 ct
202 325 289 364 quod
323 335 345 354 a
378 324 422 354 M.
456 323 608 354 Antonio
641 323 777 353 consule
809 322 942 362 collega
981 332 1042 354 suo
1078 323 1164 352 inter
1199 321 1353 362 lupercos
1387 327 1541 351 currente

137 386 292 417 diadema
317 384 414 425 capiti
442 394 501 414 suo
524 383 716 423 impositum
744 383 777 412 in
804 383 886 413 sella
908 384 1064 424 reposuit,
1092 390 1125 414 et
1146 383 1236 423 quod
1254 382 1375 423 Epidio
1394 381 1541 413 Marullo

135 453 167 477 et
205 447 344 477 (laese-io
380 445 486 475 Flavo
520 444 660 474 tribunis
697 443 814 484 plebis,
855 444 1014 474 invidiam
1058 444 1086 474 ei
1129 450 1286 483 tanquam
1324 453 1464 483 regnum
1491 442 1541 473 af-

134 507 272 539 fectanti
300 506 495 542 movmla‘bus,
524 512 673 545 potestas
699 504 864 544 abrogata
890 511 950 537 est.
998 504 1052 534 Ex
1079 505 1129 536 his
1156 505 1266 535 causis
1292 504 1541 544 conspiratione

134 569 168 600 in
201 578 274 599 cum
314 567 421 604 fucta,
464 567 557 598 cuius
592 567 702 606 capita
735 565 869 596 suerunt
903 566 948 596 M.
976 565 1101 596 Brutus
1136 572 1167 596 et
1195 565 1229 595 C.
1258 564 1394 596 Cassius
1430 570 1463 594 et
1498 573 1541 594 ex

134 628 277 661 Caesaris
312 629 463 670 partibus
498 627 539 657 D.
567 627 691 657 Brutus
724 632 756 659 ct
791 624 830 659 C.
857 627 1065 664 Trebonius,
1108 627 1142 657 in
1167 626 1320 667 Pompeii
1356 626 1448 656 curia
1483 634 1540 655 oc-

133 692 223 723 cisus
263 697 313 721 est
351 688 472 720 XXIII
513 688 727 725 vulneribus,
771 696 1037 728 occupatumque
1077 688 1118 719 ab
1159 687 1429 719 interfectoribus
1468 688 1539 718 eius

136 752 348 794 Capitolium.
403 750 580 781 Oblivione
610 749 730 780 deinde
765 750 865 780 caedis
895 750 966 780 eius
992 760 1010 780 a
1036 758 1152 780 senatu
1179 751 1329 786 decreta,
1365 748 1539 779 obsidibus

131 814 272 845 Antonii
301 819 333 843 et
359 811 475 852 Lepidi
508 811 622 842 liberis
658 810 805 850 acceptis
839 811 1003 841 coniurati
1038 822 1057 842 a
1083 810 1252 852 Capitolio
1279 811 1536 841 descenderunt.

131 875 348 906 Testamento
390 873 532 904 Caesaris
568 872 663 903 heres
705 881 746 902 ex
787 878 880 912 parte
917 873 1055 903 dimidia
1097 874 1267 904 institutus
1303 871 1338 903 C.
1365 871 1536 908 Octavius,

131 936 254 967 sororis
280 944 400 975 nepos,
439 934 530 965 etin
566 942 688 964 nomen
714 934 894 973 adoptatus
931 940 991 965 cst.
1044 933 1185 965 Caesaris
1216 944 1335 975 corpus
1368 943 1469 973 quum
1503 933 1537 964 in

130 1007 283 1037 eampum
313 997 471 1026 Martium
498 994 649 1032 serretur,
684 1004 703 1024 a
731 994 827 1035 plebe
854 1003 931 1026 ante
960 1002 1068 1026 rostra
1095 1002 1280 1026 crematum
1307 1002 1367 1026 est.
1418 995 1536 1026 Dicta-

129 1064 211 1089 turae
238 1058 346 1088 honos
373 1058 405 1087 iu
431 1063 627 1097 perpetuum
659 1056 812 1087 sublatus
837 1063 897 1087 est.
948 1055 987 1088 C.
1019 1059 1183 1095 Amatius,
1212 1057 1410 1088 humillimae
1436 1056 1535 1086 sortis

129 1119 250 1157 horno,
286 1119 341 1160 qui
369 1129 403 1150 sc
433 1118 469 1149 C.
498 1118 594 1149 Marii
629 1117 733 1148 filium
771 1117 917 1157 ferebat,
954 1129 1054 1160 quum
1083 1120 1170 1160 apud
1205 1118 1374 1149 credulam
1400 1117 1535 1158 plebem

128 1181 308 1212 seditiones
334 1186 492 1218 moveret,
519 1186 660 1210 necatus
686 1185 746 1210 est.

654 1285 718 1316 EX
744 1285 831 1318 LIB.
860 1285 1006 1317 CXVII.

223 1363 261 1395 C.
304 1363 462 1395 Octavius
500 1362 640 1393 Romam
689 1371 731 1393 ex
774 1362 877 1404 Epiro
921 1362 1014 1392 venit
1062 1361 1117 1402 (eo
1162 1362 1250 1393 enim
1289 1362 1384 1393 illum
1422 1361 1534 1393 Caesar

125 1427 331 1468 praemiserat
378 1423 501 1454 bellum
542 1423 575 1452 in
612 1422 814 1453 Macedonia
852 1427 1041 1463 gesturus),
1089 1425 1326 1464 ominibusque
1365 1423 1532 1465 prosperis

126 1494 287 1528 exceptus
317 1484 375 1528 [et]
408 1495 528 1515 nomen
548 1483 692 1515 Caesaris
714 1485 866 1525 sumpsit.
919 1485 957 1516 In
981 1484 1178 1516 confusione
1197 1494 1305 1516 rerum
1331 1495 1371 1516 ae
1390 1485 1534 1516 tumultu

125 1548 174 1580 M.
201 1548 349 1588 Lepidus
383 1547 614 1587 pontificatum
650 1547 831 1576 maximum
869 1547 1055 1587 intercepit.
1115 1547 1159 1577 Et
1185 1547 1233 1579 M.
1263 1547 1431 1578 Antonius
1465 1556 1532 1577 cos.

125 1618 227 1648 quum
254 1609 456 1649 impotenter
481 1608 711 1638 dominaretur
736 1607 912 1648 legemque
948 1608 988 1637 de
1013 1607 1259 1648 permutatione
1285 1608 1533 1648 provinciarum

124 1679 184 1711 per
207 1670 274 1700 vim
305 1670 436 1700 tulisset
470 1675 502 1698 et
531 1669 698 1698 Caesarem
725 1677 858 1708 quoque
891 1675 1079 1709 petentem,
1119 1674 1155 1699 ut
1181 1669 1244 1699 sibi
1271 1669 1430 1699 adversus
1456 1678 1533 1709 per-

124 1739 280 1761 cussores
306 1731 462 1760 avunculi
489 1730 639 1766 adesset,
675 1729 806 1768 magnis
834 1729 963 1760 iniuriis
990 1729 1178 1767 affecisset,
1214 1730 1326 1761 Caesar
1353 1737 1386 1761 et
1411 1730 1474 1761 sibi
1501 1736 1533 1761 et

124 1792 170 1822 rei
198 1791 340 1833 pnblieae
357 1791 440 1822 vires
459 1791 619 1821 adversus
646 1799 721 1820 euni
740 1798 916 1831 paraturus
934 1792 1096 1822 deductos
1118 1792 1152 1822 in
1179 1792 1331 1822 colonias
1357 1798 1534 1823 veteranos

125 1853 296 1883 excitavit.
359 1852 526 1891 Legiones
561 1861 692 1892 quoque
726 1860 845 1892 quarta
878 1858 910 1882 et
944 1853 1067 1883 Martia
1097 1854 1195 1892 signa.
1229 1854 1270 1883 ab
1304 1853 1456 1884 Antonio
1491 1853 1533 1883 ad

127 1913 295 1946 Caesarem
322 1913 488 1950 tulerunt;
514 1913 635 1943 deinde
661 1920 693 1943 et
719 1914 908 1954 complures
935 1915 1061 1945 saevitia
1086 1915 1135 1946 M.
1161 1914 1313 1952 Antonii,
1348 1915 1473 1956 passim
1499 1916 1533 1945 in

125 1976 242 2006 castris
267 1976 335 2006 suis
363 1976 569 2011 trucidantis,
597 1975 653 2014 qui
681 1975 709 2005 ei
736 1975 881 2016 suspecti
909 1980 1014 2011 erant,
1041 1976 1082 2006 ad
1109 1974 1276 2006 Caesarem
1304 1977 1532 2009 desciverunt.

126 2037 168 2068 D.
195 2037 331 2074 Brutus,
374 2043 409 2067 ut
446 2036 572 2076 petenti
602 2035 804 2077 Cisalpinam
835 2036 980 2068 Galliam
1011 2037 1161 2067 Antonio
1199 2037 1388 2075 obsisteret,
1426 2038 1532 2068 Muti-

123 2108 202 2129 nam
229 2107 303 2128 cum
332 2099 478 2128 exercitu
511 2098 695 2138 occupavit.
757 2098 924 2128 Praeterea
956 2099 1126 2129 discursus
1152 2099 1326 2138 utriusque
1352 2100 1457 2140 partis
1483 2100 1533 2130 vi·

125 2169 236 2190 rorum
263 2160 304 2190 ad
330 2159 547 2200 accipiendas
572 2159 761 2199 provincias
787 2166 1036 2200 apparatusque
1062 2159 1143 2190 belli
1168 2161 1327 2190 continet.

643 2266 707 2297 EX
732 2266 820 2297 LIB.
849 2266 1011 2298 CXVIII.

216 2342 264 2373 M.
291 2342 415 2373 Brutus
437 2342 472 2372 in
498 2341 630 2373 Graecia
654 2343 715 2373 sub
742 2350 905 2384 praetextu
937 2343 983 2374 rei
1010 2342 1154 2383 publieae
1178 2347 1211 2373 et
1237 2343 1384 2384 suscepti
1413 2349 1532 2375 contra

125 2404 170 2435 M.
197 2404 384 2435 Antonium
411 2404 489 2434 belli
516 2404 712 2441 exercitum,
741 2405 791 2435 cui
819 2405 857 2436 P.
885 2405 1043 2435 Vatinius
1068 2409 1222 2445 praeerat,
1255 2413 1330 2435 cum
1356 2405 1531 2446 provincia

124 2465 158 2496 in
183 2471 385 2506 potestatem
411 2475 504 2496 suam
531 2467 671 2505 redegit.
724 2465 760 2496 C.
784 2464 919 2502 Caesari,
947 2467 1002 2507 qui
1024 2466 1172 2506 privatus
1196 2466 1242 2496 rei
1268 2466 1412 2507 publicae
1438 2477 1532 2497 arma.

125 2534 318 2568 sumpserat,
343 2528 557 2567 propraetoris
582 2528 758 2568 imperium
786 2537 805 2558 a
831 2535 950 2558 senatu
975 2528 1090 2558 datum
1119 2534 1170 2558 est
1195 2536 1269 2558 cum
1296 2528 1531 2559 consularibus

125 2589 342 2626 ornamentis,
378 2589 623 2629 adiectumque,
657 2595 695 2620 ut
719 2596 857 2620 senator
882 2594 983 2620 esset.
1049 2588 1095 2619 M.
1123 2589 1296 2620 Antonius
1320 2588 1364 2619 D.
1389 2588 1530 2619 Brutum

124 2649 264 2681 Mutinae
289 2649 440 2688 obsedit,
476 2650 634 2690 missique
668 2651 712 2681 ad
736 2660 814 2682 eum
839 2661 859 2681 a
883 2656 1002 2682 senatu
1027 2650 1130 2691 legati
1162 2651 1204 2681 de
1233 2659 1320 2691 pace
1344 2660 1462 2691 parum
1488 2649 1532 2681 ad
