1753 2934
154 706 208 751 34

211 1547 232 1580 0!

318 103 395 138 254
668 102 768 132 Liber
793 102 901 132 XLV.
978 103 1036 142 (A.
1065 113 1095 133 u.
1125 112 1151 133 c.
1181 105 1275 142 587.)

372 221 529 264 Paulus,
561 222 723 270 benigne
753 222 888 270 legatis
919 223 1096 268 dimissis,
1127 230 1388 273 transgressus
1419 225 1675 274 Strymonem,

263 293 362 328 mille
395 303 575 340 passuum
614 291 662 327 ab
693 292 919 340 Amphipoli
961 300 1088 328 castra
1127 294 1265 341 posuit.
1335 294 1428 331 Inde
1468 296 1674 343 profectus,

265 362 410 398 Pellam
453 360 584 408 quinto
627 361 687 397 die
724 363 908 409 pervenit.
980 364 1279 411 Praeteigressus
1309 364 1462 409 urbem,
1499 366 1548 401 ad
1580 365 1675 414 Spe-

263 431 385 468 laeum.
419 431 521 478 quod
554 438 705 475 vocant,
739 432 896 469 biduum
929 439 1112 477 moratus,
1145 433 1188 468 Ρ.
1208 433 1390 469 Nasicam
1423 442 1459 470 et
1484 435 1530 481 Q.
1549 435 1675 470 Maxi-

263 513 363 535 mum
396 501 513 537 filium
546 513 629 537 cum
662 509 771 550 parte
801 502 997 550 copiarum
1025 502 1075 538 ad
1101 502 1391 550 depopulandos
1416 505 1580 552 Illyrios,
1612 504 1677 552 qui

264 571 407 607 Persea
438 571 613 606 iuverant
643 571 762 616 bello,
794 572 906 615 misit,
937 572 1060 607 iussos
1092 572 1139 607 ad
1167 571 1322 609 Oricum
1354 574 1426 609 sibi
1458 586 1676 618 occurrere;

265 640 346 688 ipse
371 640 528 688 Epirum
554 648 698 688 petens,
730 641 870 689 quintis
902 641 1057 676 decimis
1088 643 1222 678 castris
1253 643 1510 679 Passaronem
1542 656 1675 691 perve-

264 709 329 745 nit.
375 711 490 746 IIaud
513 710 645 758 procul
674 711 761 747 inde
783 711 896 748 Anici
927 718 1054 746 castra
1077 712 1247 748 aberant.
1306 713 1369 749 Ad
1402 725 1512 760 quem
1544 713 1677 749 litteris

266 780 401 821 missis,
433 793 479 816 ne
511 780 601 827 quid
633 781 680 816 ad
713 794 770 821 ea,
803 794 887 830 quae
917 782 1063 825 fierent,
1094 788 1330 826 moveretnr;
1374 790 1546 818 senatum
1581 795 1676 831 prae-

264 848 350 883 dam
385 848 492 896 Epiri
523 849 757 895 civitatium,
804 864 888 899 quae
929 852 977 888 ad
1018 853 1162 888 Persea
1203 852 1451 893 defecissent,
1495 853 1678 889 exercitui

265 918 415 954 dedisse
445 931 527 963 suo,
563 919 686 955 missis
719 922 1001 958 centurionibus
1032 923 1068 957 in
1099 922 1268 969 singulas
1300 923 1424 966 urbes,
1458 923 1522 970 qui
1552 934 1592 958 se
1622 922 1678 958 di-

264 995 391 1024 cerent
422 989 470 1024 ad
501 990 678 1037 praesidia
709 992 932 1028 deducenda
965 992 1127 1038 venisse,
1158 1000 1198 1028 ut
1229 992 1337 1028 liberi
1368 992 1549 1039 Epirotae,
1583 993 1680 1029 sieut

264 1058 510 1103 Macedones,
541 1067 677 1106 essent,
708 1062 826 1098 denos
857 1062 1045 1110 principes
1077 1075 1122 1098 ex
1154 1062 1312 1109 singulis
1343 1063 1519 1099 evocavit
1546 1063 1679 1099 civita-

265 1127 377 1163 tibus.
436 1128 584 1174 Quibus
623 1144 705 1168 eum
746 1133 1025 1175 denuntiasset,
1065 1139 1104 1168 ut
1139 1145 1273 1168 aurum
1320 1132 1447 1179 adque
1480 1141 1677 1181 argentum

264 1197 301 1233 in
333 1198 523 1245 publicum
556 1200 811 1247 proferretur,
852 1215 920 1250 per
951 1215 1082 1238 omnes
1113 1202 1286 1238 civitates
1317 1203 1492 1238 cohortes
1526 1203 1679 1239 dimisit.

265 1270 369 1304 Ante
413 1268 451 1304 in
490 1269 688 1307 ulteriores
731 1284 845 1319 quam
891 1272 928 1307 in
959 1273 1158 1320 propiores
1199 1272 1372 1308 civitates
1413 1272 1595 1319 profecti,
1640 1279 1681 1309 ut:

266 1351 341 1374 uno
373 1338 433 1375 die
467 1339 504 1374 in
536 1352 668 1376 omnes
699 1342 973 1389 perveniretur.
1037 1342 1154 1378 Edita
1182 1342 1344 1378 tribunis
1376 1343 1680 1378 centurionibus-

266 1421 340 1455 que
370 1415 499 1453 erant,
541 1422 625 1457 quae
656 1419 869 1458 agerentur.
942 1412 1059 1448 Mane
1089 1424 1201 1448 omne
1231 1425 1365 1448 aurum
1400 1420 1677 1460 argentumque

263 1479 475 1523 conlatum3
506 1480 602 1515 hora
635 1488 774 1528 quarta
803 1481 951 1528 signum
984 1481 1032 1516 ad
1064 1481 1296 1530 diripiendas
1327 1482 1438 1517 urbes
1469 1481 1598 1517 datum
1622 1488 1679 1517 est

265 1548 466 1592 militibus;
512 1556 695 1597 tantaque
725 1551 855 1598 praeda
885 1550 968 1594 fuit,
998 1556 1039 1586 ut
1068 1550 1105 1586 in
1137 1551 1299 1599 equitem
1332 1551 1583 1599 quadringeni
1614 1552 1678 1587 de-

264 1619 372 1661 narii,
403 1619 593 1667 peditibus
623 1620 758 1656 duceni
788 1621 1059 1663 dividerentur,
1090 1628 1238 1656 eentum
1268 1620 1545 1669 quinquaginta
1575 1621 1679 1657 milia

264 1689 430 1736 capitum
477 1689 731 1726 humanorum
775 1691 1064 1726 abducerentur.
1137 1691 1239 1727 Muri
1277 1690 1412 1726 deinde
1442 1690 1675 1738 direptarum

263 1758 411 1794 urbium
445 1758 558 1794 diruti
590 1766 695 1803 sunt;
734 1772 779 1796 ea
810 1760 916 1796 fuere
937 1761 1079 1808 oppida
1101 1762 1199 1797 eirea
1223 1760 1478 1808 septuaginta.
1509 1760 1678 1796 Vendita

264 1828 394 1876 praeda
433 1829 576 1874 omnis;
622 1829 708 1866 inde
749 1843 794 1865 ea
833 1843 984 1866 summa.
1026 1830 1132 1866 militi
1175 1836 1375 1866 numerata
1405 1836 1472 1866 est.
1532 1830 1677 1866 Paulus

265 1898 313 1933 ad
345 1911 449 1934 mare
472 1898 627 1935 Oricum
661 1900 867 1946 descendit,
899 1913 1155 1949 nequaquam.
1187 1906 1226 1936 ut
1257 1906 1362 1936 ratus
1393 1906 1486 1945 erat,
1518 1900 1677 1948 expletis

265 2090 283 2116 3
311 2092 498 2126 tryinoncm
551 2091 568 2117 4
598 2087 639 2117 ab
667 2086 862 2126 ampipolim
934 2085 967 2123 8,
993 2090 1011 2116 2
1039 2086 1080 2116 ad
1105 2086 1247 2126 paeleum
1275 2086 1383 2117 Potest
1413 2084 1498 2116 locus
1533 2083 1677 2125 appella-

264 2149 312 2173 tus
338 2155 401 2174 ess-e
427 2143 566 2175 Peleum
596 2141 796 2186 (Πήλειον).
884 2147 903 2174 4
943 2143 1070 2174 bellum
1096 2144 1184 2175 misit
1210 2145 1319 2176 iussus
1403 2146 1420 2173 5
1456 2150 1677 2183 passuronem

262 2201 438 2238 XXXIV,
488 2202 526 2238 1,
591 2205 602 2231 1
658 2202 797 2231 aderant
848 2202 958 2241 adque
1000 2201 1120 2232 litteris
1205 2205 1223 2232 2
1273 2211 1315 2232 ne
1355 2201 1433 2242 quid
1478 2209 1517 2230 ca
1567 2199 1676 2238 adque

264 2258 357 2288 ficret
408 2262 426 2288 4
460 2265 487 2289 ec
512 2259 549 2297 2,
592 2263 602 2289 l
642 2259 772 2289 dedisse
808 2269 888 2290 suos
920 2259 1028 2289 missis
1065 2257 1136 2299 lily.
1164 2258 1236 2289 Em.
1269 2259 1334 2289 614(ι
1372 2259 1493 2299 (Gryn.
1529 2257 1677 2287 dedisse:

264 2317 468 2353 summissis)
560 2317 592 2353 3,
624 2320 634 2346 l
667 2317 921 2347 denuntiassent
983 2319 1001 2346 2
1029 2315 1149 2346 cohcrc
1175 2316 1301 2346 (limisit
1361 2320 1379 2346 3
1406 2316 1437 2346 in
1465 2314 1677 2355 proprietatis

264 2373 403 2414 profecti
425 2373 556 2415 Kreyss.
585 2374 705 2415 (Gr-yn.
726 2380 842 2405 tantum
862 2374 894 2404 in
920 2373 1093 2414 propiores
1118 2372 1276 2413 profecti)
1320 2372 1352 2410 4,
1374 2377 1391 2403 2
1420 2382 1516 2403 mane
1542 2381 1676 2402 omnem

263 2441 380 2461 aurum
422 2431 452 2468 5,
484 2435 495 2462 1
535 2442 612 2462 ecce
639 2433 750 2462 denari
778 2431 947 2472 peditibus
973 2431 1088 2461 deceni
1135 2434 1153 2460 2
1181 2436 1323 2461 centena
1348 2431 1585 2471 quinquagena
1644 2428 1676 2466 6,

263 2492 281 2518 3
311 2489 421 2528 przrdn
449 2490 599 2520 omnium
627 2490 668 2520 de
693 2499 733 2520 ca
759 2489 830 2531 My.
858 2488 931 2520 Em.
964 2487 1029 2519 614
1068 2487 1185 2530 (Gryn.
1223 2489 1337 2529 praeda
1367 2488 1532 2525 omnium,
1569 2487 1610 2517 de
1637 2495 1677 2517 ea

265 2563 303 2568 —
332 2552 544 2577 numeratum
571 2547 638 2586 cst)
