1753 2934
262 112 310 147 56
820 109 996 141 Periochae

202 239 327 281 populo
365 240 520 270 Romano
565 246 596 270 et
638 240 870 280 expeditiones
904 241 940 272 in
964 241 1069 272 vicem
1109 243 1442 284 expugnationesque
1480 243 1613 276 urbium

202 300 401 332 referuntur.

723 348 787 380 EX
814 348 902 380 LIB.
931 348 1092 380 LXXIII.

296 424 334 455 L.
369 423 477 455 Iulius
515 422 630 456 Caesar
664 434 729 457 cos.
767 425 855 456 male
891 426 1050 456 adversus
1089 425 1256 457 Samnites
1290 427 1464 467 pugnavit.
1524 427 1613 460 Nola

203 485 338 516 colonia
365 487 397 516 iu
422 491 626 527 potestatem
650 486 853 518 Samnitium
881 487 971 517 venit
999 496 1075 517 cum
1102 486 1140 517 L.
1168 486 1343 518 Postumio
1368 495 1526 530 praetore,
1557 490 1613 531 qui

203 546 245 577 ab
271 547 318 578 eis
345 547 541 578 interfectus
569 554 628 579 est.
681 547 878 589 Complures
904 548 1020 588 populi
1047 548 1087 578 ad
1112 547 1229 579 hostes
1247 548 1448 581 defecerunt.
1504 549 1614 589 Quum

202 608 240 639 P.
269 609 416 640 Rutilius
443 619 511 640 cos.
544 619 662 650 parum
694 619 854 651 prospere
888 609 1046 640 adversus
1072 609 1207 640 Marsos
1238 618 1423 651 pugnasset
1458 618 1490 643 et
1514 614 1548 644 in
1574 623 1614 645 eo

202 670 320 710 proelio
336 671 525 707 cecidisset,
559 668 597 702 C.
613 670 755 708 Marius,
782 670 912 709 legatus
939 670 1019 706 eius,
1047 670 1188 701 meliore
1214 678 1334 702 eventu
1360 683 1436 704 eum
1460 673 1615 706 hostibus

202 732 274 762 acio
322 731 482 762 conflixit.
558 731 628 763 Ser.
661 731 829 772 Sulpicius
867 731 1027 771 Pelignos
1077 732 1195 772 pra-lio
1237 731 1334 764 fudit.
1408 733 1447 772 Q.
1487 735 1614 776 Caepio‚

201 793 334 833 legatus
353 793 482 828 Rutilii,
511 803 612 833 quum
633 794 789 824 obsessus
816 802 974 834 prospere
999 794 1032 823 in
1060 793 1174 825 hostes
1201 795 1376 835 erupisset,
1409 801 1442 827 et
1468 796 1510 827 ob
1537 805 1615 828 eum

203 864 394 886 successum
422 861 592 895 aequatum
619 855 646 885 ei
675 865 751 886 cum
771 854 806 885 C.
824 855 934 885 Mario
953 861 1041 886 esset
1066 855 1253 895 imperium,
1282 858 1477 888 temerarius
1505 858 1614 891 factus

203 921 237 946 et
263 917 509 947 circumventus
544 916 676 947 insidiis
710 916 784 947 suso
817 916 966 946 exercitu
1003 916 1135 947 cecidit.
1193 916 1232 947 L.
1259 917 1365 949 Iulius
1397 918 1510 950 Caesar
1545 930 1613 953 cos.

203 978 347 1010 feliciter
379 979 537 1009 adversus
566 978 735 1009 Samnites
768 978 943 1019 pugnavit.
995 977 1046 1008 Ob
1081 988 1154 1009 eam
1190 979 1362 1010 victoriam
1390 980 1505 1011 Romae
1535 991 1617 1021 saga

202 1041 315 1080 posita
346 1046 434 1071 sunt.
496 1040 541 1071 Et
573 1046 610 1070 ut
642 1041 732 1070 varia
766 1040 844 1070 belli
877 1039 1011 1070 fortuna
1037 1046 1141 1071 esset.
1182 1040 1342 1071 AEsernia
1368 1042 1502 1073 colonia
1537 1052 1614 1074 cum

202 1101 250 1133 M.
280 1101 443 1132 Marcello
469 1101 503 1131 in
527 1106 725 1141 potestatem
753 1100 954 1132 Samnitium
981 1103 1090 1139 venit3
1129 1102 1187 1132 sed
1213 1108 1245 1133 et
1271 1100 1309 1134 C.
1339 1102 1468 1134 Marius
1495 1104 1614 1145 proelio

202 1163 337 1194 Marsos
363 1162 462 1199 fudit,
489 1162 590 1194 Herio
616 1162 737 1193 Asinio
763 1170 904 1203 praetore
925 1163 1192 1194 Marrucinorum
1219 1164 1341 1195 occiso.
1398 1163 1436 1196 C.
1460 1164 1616 1197 Caecilius

203 1226 237 1255 in
264 1223 377 1255 Gallia
402 1224 628 1264 Transalpina.
653 1224 823 1255 Salluvios
851 1224 1053 1255 rebellantes
1080 1225 1170 1256 vicit.

718 1331 783 1362 EX
811 1331 897 1363 LIB.
927 1331 1088 1362 LXXIV.

299 1405 360 1438 Cn.
387 1406 569 1447 Pompeius
601 1407 758 1439 Picentes
795 1409 915 1449 proelio
949 1407 1052 1445 fudit7
1088 1421 1103 1435 ÷÷
1138 1407 1280 1438 obsedit.
1337 1406 1481 1448 Propter
1514 1417 1615 1448 quam

203 1470 375 1500 victoriam
403 1469 518 1500 Romae
552 1476 723 1510 praetextae
759 1476 791 1500 ct
821 1471 887 1501 alia.
914 1470 1172 1509 magistratuum
1198 1469 1344 1507 iusignia
1370 1473 1503 1509 sumpta
1528 1473 1615 1500 sunt.

206 1531 242 1562 C.
270 1531 398 1562 Marius
424 1540 498 1561 cum
525 1530 648 1561 Marsis
675 1532 778 1562 dubio
804 1538 925 1562 eventu
951 1531 1123 1572 pugnavit.
1180 1530 1342 1561 Libertini
1371 1536 1448 1561 tunc
1475 1530 1617 1570 primum

203 1593 348 1624 militare
386 1598 569 1633 coeperunt.
632 1592 675 1623 A.
711 1592 842 1624 Plotius
881 1593 1013 1633 legatus
1040 1592 1204 1629 Umbros,
1249 1592 1286 1622 L.
1315 1590 1456 1622 Porcius
1494 1596 1619 1632 praetor

203 1654 376 1691 Etruscos,
405 1663 506 1692 quum
530 1661 667 1694 uterque
688 1654 834 1695 populus
851 1653 1041 1689 defecisset,
1064 1654 1182 1694 proelio
1202 1653 1364 1683 vicerunt.
1417 1652 1618 1685 Nicomedes

203 1716 236 1746 in
263 1716 444 1756 Bithyniae,
481 1716 729 1747 Ariobarzanes
764 1717 797 1746 iu
827 1715 1050 1756 Cappadocia)
1076 1724 1216 1755 regnum
1251 1714 1378 1745 reducti
1412 1720 1499 1746 sunt.
1551 1713 1614 1746 Cn.

201 1778 386 1818 Pompeius
422 1787 489 1808 005.
524 1776 658 1808 Marsos
693 1778 764 1808 acie
795 1776 884 1807 vicit.
947 1774 1055 1813 Quum
1092 1786 1155 1806 aerc
1188 1776 1300 1814 alieno
1335 1786 1495 1817 oppressa
1528 1783 1618 1808 esset

203 1840 339 1876 civitas,
378 1838 421 1869 A.
450 1838 672 1880 Sempronius
702 1838 830 1869 Asellio
862 1844 1000 1878 praetor,
1040 1838 1197 1878 quoniam
1229 1838 1411 1869 secundum
1447 1838 1617 1870 debitores

203 1902 253 1932 ius
280 1901 432 1937 dicebat,
473 1901 515 1931 ab
553 1900 616 1938 eis,
651 1900 707 1940 qui
742 1889 971 1939 fenei-abant,'
1009 1900 1043 1930 in
1079 1900 1151 1931 soro
1179 1901 1310 1931 occisus
1337 1907 1397 1930 est.
1449 1898 1618 1930 Praeterea

203 1964 414 1995 incursiones
440 1962 612 1994 Thracum
638 1962 671 1992 in
698 1961 935 1993 Macedoniam
963 1962 1266 2003 populationesque
1292 1961 1453 1992 continet.

733 2069 795 2100 EX
822 2069 910 2100 LIB.
940 2068 1083 2100 LXXV.

294 2147 332 2176 A.
372 2145 566 2176 Postumius
600 2145 747 2176 Albinus
791 2146 921 2185 legatus
967 2155 1069 2184 quum
1116 2145 1214 2176 classi
1252 2150 1428 2185 praeesset‚
1479 2143 1615 2176 infamis

203 2207 340 2238 crimine
366 2207 566 2247 proditionis
593 2207 811 2254 abnexercitu
839 2217 899 2238 suo
926 2207 1125 2238 interfectus
1152 2211 1210 2237 est.
1264 2206 1301 2237 L.
1325 2205 1501 2237 Cornelius
1519 2205 1615 2237 Sulla

201 2268 334 2308 legatus
363 2268 531 2300 Samnites
558 2267 676 2308 proelio
702 2268 781 2298 vicit
816 2274 848 2299 et
880 2269 960 2299 bina
986 2275 1097 2300 castra
1128 2277 1244 2299 eorum
1279 2268 1496 2308 expugnavit.
1551 2267 1611 2299 Cn.

202 2329 383 2370 Pompeius
420 2329 582 2360 Vestinos
625 2330 659 2360 in
701 2330 904 2360 deditionem
943 2331 1080 2370 accepit.
1142 2330 1180 2361 L.
1222 2329 1362 2360 Porcius
1404 2339 1470 2360 eos.
1514 2330 1615 2361 rebus

200 2401 358 2432 prospere
385 2391 490 2431 gestis
516 2390 665 2431 fusisque
683 2391 860 2432 aliquoties
883 2391 1016 2429 Marsis,
1045 2391 1122 2421 dum
1151 2397 1261 2422 eastra
1287 2400 1402 2421 eorum
1428 2395 1614 2431 expugnat,

202 2453 340 2489 cecidit3
377 2462 417 2483 ea
453 2462 506 2484 res
543 2453 696 2483 hostibus
732 2453 905 2483 victoriam
940 2452 1011 2482 cius
1052 2453 1159 2493 proelii
1199 2453 1302 2483 dedit.
1363 2450 1549 2483 Cosconius
1581 2459 1614 2484 et

201 2514 368 2545 Lucceius
403 2513 571 2546 Samnites
605 2514 677 2545 acie
714 2514 883 2552 vicerunt,
929 2513 1077 2544 Marium
1115 2514 1317 2554 Egnatium.
1362 2514 1611 2546 nobilissimum

200 2575 348 2606 hostium
381 2575 521 2616 ducem,
557 2575 772 2613 occiderunt,
808 2575 1049 2617 compluraque
1075 2575 1199 2616 oppida
1224 2575 1257 2605 in
1284 2575 1490 2606 deditionem
1515 2584 1612 2606 acee-

199 2642 331 2677 perunt.
394 2636 432 2669 L.
461 2635 556 2669 Sulla
581 2636 742 2678 Hirpinos
777 2637 925 2675 domuit,
967 2635 1138 2669 Samnites
1169 2636 1322 2678 pluribus
1355 2636 1481 2677 proeliis
1514 2635 1615 2675 fudit,
