1753 2934
275 113 322 147 54
839 115 1011 148 Periochae

218 240 331 281 ibique
376 242 480 272 multa
518 242 594 273 loca
630 243 781 284 populati
823 255 842 275 a
874 244 1050 278 Celtiberis
1093 249 1198 289 fugati
1236 259 1330 292 sunt,
1370 255 1559 295 reversique
1596 257 1631 288 iu

221 299 370 332 Galliam
398 303 431 332 in
457 302 667 335 Vellocassis
694 314 728 336 se
757 305 918 338 Teutonis
942 309 1200 342 coniunxerunt.

733 411 798 444 EX
822 414 910 446 LIB.
939 415 1104 448 LXVIII.

308 483 354 514 Μ,
384 485 554 518 Antonius
589 494 713 528 praetor
748 490 783 520 in
810 489 965 523 Ciliciam
1000 494 1188 525 maritimos
1222 495 1398 535 praedoues
1431 504 1627 538 persecutus

215 549 276 575 est.
328 544 365 577 C.
394 546 523 579 Marius
550 558 615 581 cos.
644 550 775 582 summa
807 553 838 583 vi
874 561 1069 595 oppugnata
1101 566 1121 585 a
1147 555 1310 588 Teutonis
1336 565 1367 588 et
1392 558 1627 592 Ambronibus

215 612 326 637 castra
351 607 513 640 defendit.
563 610 708 642 Duobus
746 613 868 645 deinde
900 615 1028 655 proeliis
1057 617 1146 647 eirea
1172 618 1290 658 Aquas
1319 618 1452 652 Sextias
1489 623 1625 653 eosdem

213 667 329 699 hostes
370 669 504 707 delevit,
548 672 580 702 in
623 674 745 712 quibus
787 684 876 706 caesa
914 678 1091 709 traduntur
1130 678 1279 711 hostium
1303 670 1383 718 ὃὸ,
1427 689 1526 723 capta
1549 674 1626 716 Ξῖ

212 728 343 761 Marius
369 731 491 764 absens
518 734 673 774 quintum
701 737 820 767 consul
836 745 968 769 creatus
982 745 1039 770 est.
1091 739 1311 781 Triumphum
1329 743 1493 781 oblatum,
1519 746 1626 778 donec

214 798 247 821 et
274 789 429 823 Cimbros
456 794 617 833 vinceret,
645 797 783 830 distulit.
832 796 959 829 Cimbri
994 810 1094 840 quum
1123 803 1256 842 repulso
1282 804 1323 834 ab
1350 805 1496 846 Alpibus
1528 807 1626 848 fuga-

216 858 318 892 toque
346 852 386 891 Q.
415 853 538 887 Catulo
563 859 784 898 proconsule,
822 860 878 900 qui
914 860 1028 893 fauces
1054 863 1193 903 Alpium
1230 865 1410 896 obsidebat
1434 866 1627 909 flumenque

219 914 373 945 Athesim
411 916 580 953 obiecerat,
625 919 670 950 ita
707 926 739 951 ut
770 920 935 962 Ieyz'onem,
975 934 1043 963 quw
1082 925 1258 955 castellum
1292 927 1419 958 editum
1444 929 1624 968 insederat,

215 975 440 1018 relinqueret,
477 989 551 1019 quae
586 986 698 1012 tamen
728 980 848 1013 virtute
875 994 936 1014 sua
962 985 1133 1025 explicata
1157 985 1341 1026 fugientem
1368 998 1499 1028 procos.
1528 999 1624 1022 exer-

214 1037 384 1079 citumque
411 1047 593 1072 consecuta
618 1048 686 1080 est,
714 1044 746 1074 in
772 1044 904 1075 Italiam
932 1047 1159 1085 traiecisscnt,
1187 1049 1309 1080 iunctis
1335 1050 1484 1082 ciusdem
1512 1050 1624 1083 Catuli

211 1106 243 1129 ct
259 1097 297 1129 C.
315 1100 414 1132 Marii
441 1104 642 1136 exercitibus
667 1106 785 1146 proelio
811 1106 890 1136 victi
911 1112 1006 1144 sunt,
1034 1108 1066 1138 in
1094 1119 1159 1149 quo
1179 1119 1266 1141 eaesa
1283 1112 1460 1143 traduntur
1476 1113 1622 1145 hostium

212 1152 316 1202 cxi,
343 1171 443 1206 capta
462 1154 541 1196 VLX.
592 1167 722 1198 Marius
749 1167 850 1198 totius
878 1169 1020 1200 civitatis
1043 1180 1209 1202 consensu
1228 1180 1388 1213 exceptus
1413 1185 1473 1215 pro
1491 1176 1624 1208 duobus

211 1226 407 1267 triumphis,
445 1229 500 1267 qui
537 1227 781 1267 offerebantur,
819 1239 887 1260 uno
922 1236 1098 1263 contentus
1130 1232 1204 1264 suit.
1263 1233 1434 1267 Primores
1469 1237 1622 1275 civitatis,

210 1288 264 1328 qui
291 1289 319 1318 ci
346 1289 555 1329 aliquamdiu
581 1295 617 1321 ut
642 1300 731 1322 novo
753 1290 880 1321 homini
907 1293 949 1322 ad
976 1299 1088 1325 tantos
1113 1296 1260 1328 honores
1286 1304 1400 1329 evecto
1426 1299 1622 1336 inviderant,

210 1357 442 1382 conservatam
481 1352 523 1383 ab
563 1362 603 1383 eo
643 1361 714 1383 rem
752 1353 923 1393 publicam
961 1354 1166 1388 fatebantur.
1230 1359 1407 1390 Publicius
1439 1359 1622 1391 Malleolus

209 1418 315 1442 matre
343 1414 455 1444 occisa
478 1415 607 1454 primus
634 1415 668 1445 in
687 1414 797 1445 culleo
814 1415 945 1446 insutus
960 1417 993 1447 in
1011 1427 1101 1449 mare
1119 1421 1346 1461 praecipitatus
1372 1427 1430 1451 cst.
1485 1421 1623 1453 Ancilia

209 1483 284 1504 cum
311 1476 451 1515 strepitu
476 1483 570 1507 mota
595 1486 685 1514 esse,
724 1482 904 1517 antequam
933 1477 1138 1512 Cimbricum
1164 1483 1292 1514 bellum
1320 1489 1622 1521 consummaretur,

209 1534 362 1567 refe-rtur.
413 1537 510 1568 Bella
534 1545 697 1580 praeterea
722 1539 810 1569 inter
837 1539 941 1580 Syriae
968 1551 1064 1580 reges
1094 1547 1188 1580 gesta
1215 1543 1374 1574 continet.

748 1647 810 1678 EX
837 1647 924 1679 LIB.
951 1648 1078 1679 LXIX.

298 1722 336 1752 L.
364 1722 532 1763 Apuleius
558 1724 768 1762 Saturninus,
801 1725 981 1755 adiuvante
1009 1725 1045 1755 C.
1073 1725 1185 1755 Mario
1217 1731 1249 1755 et
1274 1736 1334 1766 per
1357 1725 1482 1756 milites
1507 1725 1620 1756 occiso

207 1784 251 1814 A.
279 1782 416 1815 Nunnio
444 1786 680 1825 competitore,
719 1787 871 1817 tribunus
902 1786 1009 1827 plebis
1043 1797 1102 1827 per
1135 1786 1199 1819 vim
1233 1792 1381 1825 creatus,
1418 1797 1486 1817 non
1512 1788 1620 1818 minus

208 1844 373 1875 violenter
400 1845 624 1884 tribunatum,
657 1857 757 1887 quam
783 1848 944 1889 petierat,
972 1849 1094 1888 gessit,
1128 1854 1161 1878 ct
1188 1858 1288 1888 quum
1317 1849 1423 1887 legem
1450 1848 1620 1888 agrariam

206 1916 266 1946 per
290 1907 355 1938 vim
384 1908 528 1946 tulisset,
555 1908 696 1940 Metello
721 1908 922 1947 Numidico,
949 1911 1038 1950 quod
1065 1910 1099 1940 in
1126 1920 1198 1940 cain
1226 1919 1293 1940 non
1320 1910 1505 1947 iuraverat,
1532 1909 1619 1940 diem

180 1960 183 1964 ⁸
206 1968 302 1999 dixit.
354 1968 418 2007 Qui
446 1980 548 2011 quum
575 1981 595 2001 a
620 1971 716 2002 bonis
743 1971 870 2002 civibus
896 1971 1149 2008 defenderetur,
1190 1981 1230 2001 nc
1265 1981 1366 2002 causa
1399 1971 1619 2002 certaminum

207 2036 312 2069 esset,
344 2031 377 2062 in
403 2032 558 2063 exsilium
584 2032 810 2063 voluntarium
832 2033 989 2064 Rhodum
1017 2033 1186 2074 profectus
1213 2040 1279 2070 cst,
1311 2033 1424 2073 ibique
1449 2032 1619 2063 audiendo

207 2097 240 2122 et
272 2091 418 2132 legendo
453 2104 596 2134 magnos
630 2094 720 2126 viros
747 2095 961 2125 avocabatur.
1012 2094 1170 2126 Profecto
1199 2094 1236 2126 C.
1265 2093 1412 2134 Marius,
1447 2094 1619 2126 seditionis

205 2159 333 2190 auctor,
361 2156 416 2194 qui
442 2161 573 2186 sextum
601 2156 815 2187 consulatum
840 2157 983 2197 pecunia
1008 2166 1067 2197 per
1093 2157 1199 2188 tribus
1225 2166 1341 2197 sparsa
1367 2161 1502 2193 emerat,
1530 2166 1620 2196 aqua

207 2220 239 2245 et
272 2216 342 2256 igni
379 2217 563 2248 interdixit.
613 2217 708 2249 Idem
741 2219 907 2259 Apuleius
940 2218 1141 2250 Saturninus
1183 2225 1223 2250 tr.
1258 2218 1303 2259 pl.
1343 2216 1381 2248 C.
1419 2216 1617 2248 Memmium

207 2278 424 2310 candidatum
469 2280 682 2318 consulatus,
726 2280 888 2320 quoniam
929 2281 1156 2312 adversarium
1199 2290 1274 2310 eum
1317 2279 1508 2310 actionibus
1549 2279 1618 2310 suis

206 2338 364 2378 timebat,
398 2342 531 2372 occidit.
585 2342 715 2380 Quibus
742 2344 841 2373 rebus
869 2343 1038 2374 concitato
1065 2348 1203 2380 senatu,
1239 2343 1272 2372 in
1299 2342 1395 2373 euius
1422 2351 1558 2372 eausam
1585 2346 1618 2371 et

207 2400 245 2433 C.
266 2402 406 2441 Marius,
433 2405 534 2440 homo
559 2405 641 2435 varii
667 2411 701 2435 ct
725 2405 898 2436 mutabilis
918 2404 1045 2444 ingenii
1064 2403 1264 2443 consiliique
1282 2413 1414 2444 semper
1431 2403 1616 2434 secundum

206 2462 393 2503 fortunam,
433 2467 628 2503 transierat,
671 2476 849 2508 oppressus
886 2466 988 2497 armis
1027 2475 1101 2496 cum
1131 2464 1274 2497 Glaucia
1306 2472 1449 2506 praetore
1483 2470 1517 2495 et
1541 2464 1616 2495 aliis

205 2525 356 2557 eiusdem
396 2527 519 2559 furoris
560 2529 654 2559 sociis
696 2528 786 2559 bello
824 2528 971 2570 quodam
1015 2527 1210 2559 interfectus
1252 2534 1311 2559 cst.
1385 2525 1424 2564 Q.
1457 2524 1615 2557 Caecilius

204 2585 363 2619 Metellus
383 2589 424 2619 ab
441 2590 561 2622 exsilio
588 2591 716 2631 ingenti
739 2592 842 2622 totius
857 2590 1000 2622 civitatis
1015 2589 1128 2620 favore
1147 2590 1303 2621 reductus
1320 2595 1381 2620 est.
1432 2588 1490 2620 M’.
1510 2587 1614 2629 Aqui-

204 2648 268 2680 lius
294 2660 426 2692 proeos.
454 2652 488 2683 in
515 2652 631 2684 Sicilia
655 2652 781 2684 bellum
809 2652 928 2684 servile
954 2651 1139 2683 excitatum
1171 2651 1327 2682 confecit.
