1796 2929
512 125 612 156 Liber
637 123 762 155 XLIV.
814 124 873 164 (A.
905 123 982 155 Chr.
1015 124 1106 164 168.)
1380 128 1452 162 169

100 247 382 295 magnificentia
411 253 603 283 crescente
633 254 804 282 notatum
838 252 913 289 est,
944 247 1042 283 ludis
1073 246 1304 283 circensibus
1336 246 1380 282 P.
1415 245 1509 282 Cor—

99 316 172 352 neli
206 316 396 364 Scipionis
428 316 581 352 Nasicae
622 323 658 352 et
688 316 733 354 P.
767 316 916 351 Lentuli
958 317 1121 352 aedilium
1154 316 1338 352 curulium
1369 316 1508 352 LXIII

101 385 306 422 Africanas
341 393 377 422 et
407 385 483 421 XL
515 397 624 421 ursos
655 392 691 421 et
722 385 946 433 elephantos
977 386 1124 422 lusisse.

212 456 254 491 L.
285 455 446 491 AEmilio
478 455 621 498 Paulo,
653 453 696 492 C.
730 455 875 490 Li‹·inio
907 455 1145 499 consulibus,
1187 456 1310 491 idibus
1344 454 1508 497 Martiis,
1570 450 1619 495 19

1534 509 1751 541 A.u.c.586.

1498 551 1506 568 ³
1528 555 1662 586 A.Chr.
1679 558 1752 587 168.

99 594 266 630 maxime
310 595 492 642 quidnam
534 593 666 629 consul
701 594 747 629 de
778 594 1029 639 Macedonia,
1075 596 1180 631 cuius
1222 607 1266 631 ea
1310 595 1510 642 provincia

99 524 285 572 principio
316 524 548 572 insequentis
580 524 680 566 anni,
712 535 795 559 curn
828 523 863 559 in
897 525 1163 572 expectatione
1184 533 1313 573 patres
1335 524 1493 560 fuissent

99 670 216 707 esset,
253 664 431 707 referret,
475 663 567 699 nihil
604 675 645 699 se
691 664 833 699 habere
878 664 1041 709 Paulus,
1086 665 1186 711 quod
1219 663 1388 706 referret.r
1434 677 1512 699 cum

99 733 265 768 noudum
298 734 385 770 iude
418 733 534 781 legati
564 733 762 775 redissent,
789 733 896 769 dixit.
953 732 1130 770 Ceterum
1149 733 1330 770 Brundisi
1361 733 1509 781 legatos
1543 736 1564 769 2

98 802 172 838 iam
204 814 308 847 esse,
348 804 404 839 bis
445 816 492 838 ex
523 815 634 838 cursu
667 803 922 850 Dyrrachium
956 803 1129 840 reiectos.
1204 803 1376 851 Cognitis
1409 815 1510 845 mox,
1543 805 1564 839 3

99 883 182 918 quae
213 872 318 908 nosci
353 873 457 920 prius
488 873 525 908 in
555 885 633 907 rem
668 879 788 915 esset,
830 873 1058 915 relaturum;
1107 872 1143 907 id
1176 872 1258 908 fore
1290 873 1389 908 intra
1426 885 1510 919 per-

97 953 242 988 paucos
273 942 363 978 dies.
442 943 492 979 Et
525 954 571 977 ne
607 941 696 988 quid
727 940 1002 989 profectionem
1035 954 1142 977 suam
1175 949 1339 986 teneret,
1389 941 1509 989 pridie
1541 946 1562 978 4

97 1010 180 1046 idus
209 1012 367 1059 Apriles
400 1013 546 1049 Latinis
576 1023 658 1047 esse
688 1011 931 1046 constitutam
964 1011 1082 1054 diem3
1109 1011 1296 1047 sacrificio
1324 1011 1394 1046 rite
1426 1024 1511 1059 per-

98 1079 211 1124 fecto,
242 1094 283 1117 se
314 1088 348 1118 et
385 1082 453 1119 Cn.
485 1081 714 1124 Octavium,
735 1072 857 1116 ‘simul
886 1089 1041 1116 senatus
1071 1080 1301 1123 censuisset,
1340 1080 1512 1115 exituros

1544 1147 1564 1180 0!

99 1161 201 1193 esse3
232 1149 274 1186 C.
293 1151 440 1188 Licinio
473 1151 629 1199 collegae
659 1162 728 1186 suo
759 1149 842 1185 fore
875 1162 974 1186 curae
1005 1162 1045 1186 se
1078 1152 1248 1193 absente,
1279 1157 1341 1194 ut,
1372 1150 1402 1185 si
1435 1162 1511 1196 qua

99 1220 228 1267 parari
260 1221 405 1257 mittive
436 1222 483 1256 ad
515 1221 552 1257 id
587 1220 726 1256 bellum
760 1231 856 1266 opus
887 1219 957 1263 sit,
998 1228 1182 1267 parentur
1227 1220 1510 1267 mittanturque.

98 1288 251 1325 Interea
290 1289 501 1339 legationes
539 1298 756 1326 exterarum
796 1289 994 1324 nationum
1038 1288 1162 1324 audiri
1201 1301 1327 1336 posse.
1391 1289 1512 1325 Primi
1545 1285 1566 1320 6

98 1357 353 1395 Alexandrini
388 1361 505 1408 legati
546 1361 594 1396 ab
632 1359 843 1396 Ptolemaeo
884 1364 916 1394 et
946 1357 1154 1406 Cleopatra
1199 1359 1354 1406 regibus
1385 1359 1513 1395 vocati

99 1433 195 1463 sunt.
256 1428 475 1473 Sordidafi,
506 1430 628 1465 barba
662 1435 698 1464 et
731 1428 869 1476 capillo
903 1428 1113 1476 promisso,
1152 1439 1236 1463 cum
1267 1427 1385 1463 ramis
1418 1427 1512 1463 oleae
1544 1426 1563 1459 7

98 1495 257 1542 ingressi
309 1500 452 1535 curiam
492 1499 796 1547 procubuerunt3
841 1505 879 1534 et
923 1498 1046 1533 oratio
1091 1510 1204 1545 quam
1251 1498 1403 1533 habitus
1440 1496 1513 1532 fuit

100 1565 362 1604 miserabilior.
423 1569 638 1605 Antiochus
669 1568 791 1616 Syriae
827 1580 919 1611 rex,
959 1567 1024 1615 qui
1064 1568 1176 1603 obses
1208 1567 1340 1603 Romae
1370 1564 1509 1609 fuerat,
1542 1563 1564 1600 8

97 1647 166 1682 per
195 1637 394 1674 honestam
417 1638 580 1686 speciem
604 1637 760 1673 maioris
782 1637 980 1673 Ptolemaei
1009 1636 1242 1672 redducendi
1271 1635 1309 1671 in
1340 1647 1512 1682 regnum,

98 1705 236 1742 bellum
273 1719 358 1743 eum
390 1708 536 1743 minore
566 1707 686 1744 fratre
717 1707 809 1751 eius,
841 1707 906 1755 qui
936 1714 1014 1742 tum
1034 1705 1313 1742 Alexandriam
1346 1706 1511 1750 tenebat,

98 1787 257 1822 gerens,
295 1783 332 1813 et
362 1777 411 1813 ad
443 1777 638 1814 Pelusium
669 1776 798 1812 navali
830 1775 964 1824 proelio
994 1777 1160 1824 superior
1194 1774 1320 1810 fuerat
1349 1782 1406 1815 et,
1451 1783 1509 1810 tu·
1542 1774 1563 1809 9

99 1844 303 1881 multuario
348 1858 464 1893 opere
508 1853 623 1894 ponte
663 1859 732 1894 per
768 1846 899 1883 Nilum
945 1845 1072 1890 facto,
1120 1852 1381 1892 transgressus
1425 1856 1509 1880 cum

101 1914 294 1959 exercitu,
331 1915 531 1952 obsidione
561 1915 683 1963 ipsam
716 1915 1006 1951 Alexandream
1041 1915 1230 1958 terrebat,
1269 1926 1338 1949 nec
1378 1913 1513 1961 procul

100 2107 131 2145 8,
161 2112 180 2139 3
207 2109 332 2140 nasieae
367 2096 386 2140 ἐι
413 2114 445 2139 et
467 2109 471 2147 ι
494 2108 600 2139 aeduis
635 2107 761 2138 curulis
790 2106 885 2137 ινφ-οὺ.
913 2105 961 2137 11.
1026 2106 1122 2143 xlx,
1149 2106 1180 2143 1,
1219 2109 1232 2136 1
1262 2115 1289 2136 c.
1318 2104 1434 2136 licinio
1461 2092 1511 2136 εὖ.

101 2166 180 2197 idib.
225 2169 243 2196 2
260 2166 529 2207 expectationem
567 2170 585 2195 4
605 2165 741 2196 referret
758 2164 907 2194 nondum
925 2164 958 2193 in
974 2163 1075 2203 legati
1098 2164 1194 2205 Gryn.
1214 2163 1322 2201 (cum)
1339 2168 1368 2193 et
1380 2161 1511 2204 Kreyss.

103 2224 216 2264 (inde3
247 2223 345 2265 Gryn.
363 2225 398 2255 in
419 2223 533 2263 omisit)
584 2222 615 2260 2,
643 2226 661 2252 2
689 2227 801 2253 essent
823 2222 827 2260 Ι
850 2221 1040 2261 dyrracium
1065 2221 1188 2251 eiectos
1215 2219 1385 2251 Manutius·
1433 2219 1465 2256 3,
1493 2223 1512 2250 2

102 2302 173 2324 esse
196 2293 201 2330 Ι
223 2292 311 2323 infra
381 2291 421 2330 4,
449 2296 467 2322 2
494 2292 539 2322 id.
567 2291 661 2331 april.
693 2290 696 2324 l
726 2289 874 2331 perfecto
909 2295 998 2320 esset
1024 2276 1076 2320 cn.
1138 2288 1169 2325 5,
1201 2293 1213 2320 l
1244 2289 1371 2319 liicinio
1399 2287 1403 2327 l
1434 2298 1513 2319 cura

102 2364 121 2391 2
155 2361 363 2400 mittenturq.
434 2364 453 2391 3
487 2370 587 2402 posse
621 2359 785 2391 sacrificio
816 2359 890 2389 irite
915 2356 1067 2399 perfecto
1091 2358 1188 2398 primi
1226 2355 1350 2389 Crever.
1427 2357 1459 2394 6,
1495 2361 1512 2387 2

102 2430 274 2470 ptolemeo
299 2434 396 2470 patra
421 2429 556 2470 regibus
619 2428 650 2467 7,
678 2432 696 2459 2
722 2416 885 2468 ingrescsi
939 2427 973 2464 8,
1003 2430 1015 2457 l
1046 2426 1222 2457 anthiocus
1250 2426 1253 2465 ζ
1281 2437 1317 2457 re
1343 2426 1514 2476 quiiobses

103 2498 135 2536 9,
158 2502 170 2529 l
201 2509 221 2530 a
245 2497 428 2540 pelusium}
447 2498 567 2539 proelio
591 2497 699 2528 fuerat
722 2496 832 2529 Weiss.
853 2496 973 2536 (Gy-yn.
1001 2494 1108 2525 victor
1132 2494 1259 2535 fuerat)
1275 2496 1278 2538 l
1295 2494 1515 2526 tumultuario

102 2577 192 2609 parae
217 2574 320 2609 ponte
377 2572 395 2598 2
425 2572 672 2607 transgressum
705 2565 989 2616 cumoexcrcitum
1016 2575 1057 2595 cx
1083 2564 1296 2596 obsidionem
1365 2567 1384 2594 3
1417 2564 1514 2604 Gryn.

105 2636 348 2668 Alexandriam
371 2637 455 2678 (item
481 2636 499 2675 ξ
524 2635 593 2673 11).
