1742 2902
323 116 372 151 34
683 110 786 142 Liber
810 109 902 141 XLI.
955 109 1018 150 (Α.
1045 119 1077 140 ιι.
1105 119 1132 140 c.
1161 109 1260 148 580.)

268 245 425 270 consors
456 233 569 269 etiam
599 232 768 268 censoris
799 237 890 269 erat.
936 230 1135 275 Consules,
1164 231 1263 267 votis
1293 231 1330 267 in
1361 229 1552 280 Capitolio
1579 247 1673 272 nun·

268 302 428 350 cupatis‚
458 301 495 337 in
526 300 744 349 provincias
765 300 927 349 profecti
954 308 1054 337 sunt.
1099 301 1161 337 Ex
1185 299 1230 336 iis
1255 299 1309 336 M.
1329 300 1490 338 AEmilio
1521 310 1675 340 senatus

268 371 462 420 negotium
493 370 609 414 dedit,
640 377 678 406 ut
707 371 984 407 Patavinorum
1016 370 1054 406 in
1078 369 1244 406 Venetia
1272 369 1495 406 seditionem
1526 372 1675 421 conpri-
1731 405 1735 414 ,

269 447 407 484 meret,
447 451 543 488 quos
583 440 789 476 certamine
825 439 1035 476 factionum
1068 439 1118 475 ad
1146 439 1363 476 intestinum
1394 439 1534 476 bellum
1566 453 1676 479 exat·
1732 427 1734 457 s

269 510 382 554 sisse,
421 509 589 558 ipsorum
621 507 737 556 legati
768 508 996 545 adtulerant.
1056 508 1211 557 Legati,
1246 509 1310 557 qui
1340 509 1377 544 in
1407 509 1595 546 AEtoliam
1628 511 1678 548 ad

270 578 411 616 similes
442 584 567 614 motus
606 577 899 626 conprimendos
929 578 1070 622 ierant,
1100 578 1386 622 renuntiarunt,
1416 579 1582 616 coerceri
1612 592 1678 617 ra·
1729 566 1733 572 ⁴

270 647 368 684 biem
400 648 523 696 gentis
554 659 629 683 non
661 658 786 695 posse.
845 646 1046 683 Patavinis
1080 646 1192 682 saluti
1221 646 1293 682 fuit
1325 647 1511 684 adventus
1542 660 1678 686 eonsu-
1732 636 1733 639 Ἰ

271 718 335 762 lis3
378 729 502 764 neque
539 716 663 761 aliud,
703 716 806 764 quod
847 723 980 764 ageret
1016 716 1054 751 in
1093 716 1309 764 provincia,
1352 728 1435 753 cum
1473 717 1679 763 habuisset,
1731 760 1733 765 ¹

273 788 436 824 Romam
467 785 589 823 rediit.
634 784 822 822 Censores
847 786 930 822 vias
959 785 1183 822 sternendas
1212 785 1316 822 silice
1347 785 1383 822 in
1415 787 1519 831 urbe,
1548 787 1680 836 glarea
1729 807 1732 811 ·

272 863 382 894 extra
412 856 542 893 urbem
572 855 847 892 substruendas
873 855 1224 903 marginandasque
1249 855 1360 903 primi
1385 856 1552 892 omnium
1576 857 1680 895 loea-

272 932 429 969 verunt,
471 931 683 973 pontesque
721 925 848 961 multis
880 924 975 961 locis
1005 924 1202 961 faciendos
1240 931 1276 961 et
1307 936 1469 962 scaenam
1509 926 1681 964 aedilibus
1728 963 1730 966 ,

272 995 577 1044 praetoribusque
600 995 858 1043 praebendam,
881 1000 919 1030 et
941 1006 1114 1030 carceres
1138 994 1176 1030 in
1201 993 1314 1039 circo,
1345 1001 1382 1031 et
1404 1008 1479 1031 ova
1501 997 1602 1032 adno
1619 1027 1627 1035 .
1646 1027 1653 1035 .
1672 1027 1680 1034 .

273 1064 468 1102 curriculis
497 1075 681 1100 numerati
699 1091 926 1099 .........
957 1063 1059 1107 dam,
1082 1069 1118 1099 et
1139 1069 1259 1099 metas
1280 1070 1385 1100 trans
1403 1093 1682 1102 ...........

274 1140 309 1170 et
333 1146 472 1171 caveas
488 1134 633 1171 ferreas
651 1160 987 1169 .............
1013 1161 1020 1168 .
1049 1132 1300 1170 intromittere
1317 1162 1681 1172 ..............
1728 1135 1729 1179 j

273 1203 376 1240 feriis
415 1204 452 1240 in
489 1208 618 1239 monte
647 1202 803 1239 Albano
843 1201 1083 1247 consulibus,
1114 1209 1151 1238 et
1179 1202 1316 1239 clivom
1342 1202 1600 1252 Capitolinum
1631 1205 1683 1241 si-

273 1272 342 1308 lice
383 1272 626 1309 sternendum
669 1278 911 1316 curaverunt,
946 1277 982 1307 et
1016 1272 1203 1319 porticum
1245 1272 1293 1308 ab
1333 1272 1415 1309 aede
1448 1273 1604 1311 Saturni
1646 1274 1684 1311 in

275 1341 508 1390 Capitolium
540 1341 588 1377 ad
618 1340 838 1378 senaculum
869 1352 914 1376 ac
937 1351 1051 1388 super
1077 1340 1116 1377 id
1139 1342 1302 1386 curiam;
1332 1349 1369 1379 et
1398 1348 1509 1379 extra
1532 1349 1683 1391 portam

276 1411 538 1460 Trigeminam
581 1411 793 1459 emporium
830 1410 958 1458 lapide
995 1416 1213 1448 straverunt
1242 1411 1511 1460 stipitibusque
1547 1424 1686 1461 saepse-
1726 1409 1727 1420 ¹

275 1487 379 1525 runt3
411 1487 447 1517 et
477 1480 664 1529 porticum
697 1479 899 1517 AEmiliam
929 1479 1171 1516 reficiendam
1203 1487 1395 1526 curarunt,
1427 1481 1688 1530 gradibusque

277 1562 476 1587 ascensum
508 1550 556 1587 ab
587 1549 721 1586 Tiberi
749 1549 787 1585 in
819 1549 1029 1597 emporium
1061 1548 1243 1585 fecerunt.
1303 1549 1354 1585 Et
1387 1555 1498 1586 extra
1527 1551 1685 1588 eandem

276 1625 427 1668 portam
445 1619 483 1655 in
499 1619 735 1656 Aventinum
752 1625 769 1661 †
786 1618 974 1667 porticum
998 1619 1103 1655 silice
1133 1624 1362 1664 straverunt,
1393 1625 1430 1655 et
1459 1632 1504 1656 eo
1534 1621 1688 1668 publico
1723 1663 1725 1666 Α

279 1755 298 1782 6
325 1753 425 1783 etiam
453 1753 618 1784 consortis
645 1760 716 1784 erat
786 1752 819 1790 3,
849 1756 860 1783 1
895 1753 1043 1784 consulis
1093 1753 1180 1783 uotis
1195 1752 1410 1793 etiamletiam
1429 1754 1463 1784 in
1513 1758 1531 1785 2
1550 1761 1687 1787 senatus
1721 1759 1724 1767 '

280 1819 308 1840 c.
337 1808 407 1846 (De
432 1820 536 1840 errore
562 1809 593 1841 in
612 1809 662 1841 M.
678 1809 813 1841 AEmile'o
831 1810 890 1850 cfr.
907 1809 979 1841 Em.
997 1809 1099 1849 503.)
1126 1813 1145 1840 3
1167 1810 1358 1848 cnegotium
1381 1810 1387 1849 l
1408 1810 1545 1842 benetia
1581 1816 1600 1842 4
1619 1811 1688 1843 sac·
1721 1830 1723 1856 3

280 1880 406 1910 tionem
423 1877 427 1918 Ι
444 1878 795 1919 exarsisseetipsorum
819 1877 941 1909 Crever.
994 1877 1026 1915 4,
1055 1882 1073 1909 2
1100 1878 1217 1909 similis
1256 1882 1274 1908 3
1302 1863 1490 1909 salutiafnit
1550 1883 1568 1909 4
1591 1890 1691 1920 agere
1721 1882 1723 1889 ⁴

283 1939 299 1967 5
322 1936 407 1966 redit
444 1935 476 1972 5,
503 1939 515 1966 l
541 1935 647 1975 glaria
685 1940 703 1965 2
727 1935 1004 1966 substruendams
1062 1939 1080 1966 3
1106 1941 1303 1966 etaescenam
1355 1940 1374 1966 4
1397 1936 1556 1976 praebend
1582 1961 1589 1968 .
1607 1961 1613 1968 .
1632 1961 1639 1968 .
1657 1938 1688 1980 ,Ι

282 2003 434 2025 carceres
461 1991 550 2023 Folz'z'
576 1992 616 2023 l&
645 1998 737 2033 parte
771 1992 834 2023 ima
859 1993 899 2023 ab
930 1992 1080 2023 exteriore
1106 1991 1201 2023 latere
1227 1991 1327 2023 adesa
1352 1998 1380 2023 et
1407 1993 1548 2031 abscisa,
1582 1993 1693 2026 desunt

284 2051 313 2081 in
342 2051 464 2091 payina
486 2048 625 2080 adversa
650 2055 793 2080 actremce
819 2049 927 2080 liuerae
956 2049 1078 2090 aliquot
1100 2060 1250 2086 versuum,
1284 2049 1313 2079 in
1339 2060 1463 2086 aversa,
1490 2061 1560 2090 quae
1585 2051 1693 2092 incipit

288 2107 357 2145 623
381 2119 403 2138 a
428 2107 553 2144 ferreis,
581 2105 694 2137 desinit
718 2105 772 2144 12,
802 2107 825 2138 2
847 2107 877 2137 in
902 2106 1097 2147 porticibus,
1124 2106 1254 2147 primae;
1279 2111 1353 2146 quot
1385 2104 1487 2137 deesse
1512 2106 1690 2146 videantur,
1717 2104 1721 2153 J

280 2165 404 2206 punctis
437 2164 633 2205 sz'qng'ficavi,
673 2162 731 2194 sed
760 2169 892 2204 possunt
924 2174 988 2194 una
1018 2162 1175 2194 duabusve
1208 2161 1314 2204 plures
1346 2163 1552 2203 paucioresve
1573 2164 1690 2205 fuisse.

290 2221 444 2263 Grynoeus
467 2221 581 2262 spatiis
606 2221 716 2252 vacuis
743 2221 884 2252 brevibus
911 2232 984 2251 usus
1010 2227 1062 2252 est.
1092 2220 1212 2262 (Gryn.
1240 2220 1452 2260 praebendam
1478 2227 1510 2251 et
1536 2231 1620 2253 carc.
1648 2221 1694 2254 Et
1717 2226 1720 2261 ξ

282 2284 450 2320 potueruut
460 2279 628 2319 pauciores
646 2277 754 2309 litteroe
766 2278 830 2309 eius
844 2284 935 2309 <etate
959 2277 1092 2317 deesse.)
1128 2278 1159 2315 6,
1177 2281 1188 2309 1
1209 2277 1306 2319 Gryn.
1321 2278 1363 2308 ad
1384 2282 1480 2310 notas
1495 2279 1613 2310 curi-ic.
1627 2279 1694 2311 sine
1715 2274 1719 2324 ζ’

285 2336 398 2377 spatio.
430 2335 534 2366 Num:
568 2336 772 2366 adnotandis
806 2345 892 2367 cui-r.
931 2335 1238 2375 numerandisque?
1297 2338 1316 2365 3
1343 2334 1465 2366 cabeas
1488 2334 1718 2377 (Gryn.l'er-

287 2403 360 2424 reas
382 2403 422 2434 pe
467 2393 555 2423 intro
578 2394 802 2430 mitterentur)
871 2397 890 2423 4
916 2392 1032 2424 ferreis
1060 2391 1169 2433 Siqon.
1241 2391 1272 2429 7,
1303 2395 1315 2422 l
1347 2392 1458 2423 silices
1519 2396 1538 2424 3
1567 2391 1691 2425 Crever.
1715 2376 1720 2447 ἶ

287 2456 320 2482 et
344 2450 539 2481 senaculum
576 2450 608 2487 8,
636 2454 654 2480 2
682 2450 883 2491 emptorium
910 2450 1055 2491 lapidem
1086 2449 1088 2487 ξ
1117 2450 1363 2490 stipitibusquae
1389 2455 1566 2490 sepserunt
1614 2450 1646 2489 9,
1676 2449 1719 2481 1

288 2507 472 2539 Perizonius
501 2506 546 2537 Et
576 2507 664 2537 intra
736 2511 753 2537 2
780 2507 947 2547 porticum
980 2507 1089 2539 silices
1116 2506 1246 2549 Kreyss.
1276 2506 1454 2547 suspicatur
1477 2506 1716 2538 scribendum.-

287 2571 420 2606 portam
446 2565 536 2595 viam
563 2565 594 2594 in
614 2565 736 2595 Avent.
765 2564 816 2595 sil.
847 2570 946 2596 sti-av.
974 2570 1007 2595 et
1029 2565 1194 2605 porticum
1221 2565 1308 2595 clivo
1335 2564 1491 2595 Publicio
1522 2563 1585 2605 (sic
1602 2549 1717 2596 Peri-l

289 2622 375 2661 zon.)
401 2622 443 2652 ad
469 2622 573 2652 aedem
601 2620 643 2651 V.
671 2621 732 2652 fec.

1708 2606 1714 2657 ς

1705 2780 1711 2902 Ξ
