1742 2902
790 138 858 167 VH

117 261 188 309 ipsi
218 259 458 297 emendando
491 259 678 307 attingere
721 258 851 295 volent
894 264 960 294 aut
989 259 1036 295 de
1067 258 1228 295 aliorum
1263 259 1527 295 emendatione

116 315 344 352 existimare.
363 313 391 362 ι)
452 314 579 352 Unum
612 314 725 356 addo,
757 313 859 361 quod
893 313 1010 349 semel
1041 313 1104 359 (ad
1139 314 1272 357 XLII,
1311 315 1368 358 13,
1406 313 1440 362 l)
1469 326 1526 350 er-

116 382 240 406 rorem
273 370 430 405 Hertzio
461 369 648 405 obiectum
680 368 814 411 video,
846 368 882 403 in
913 368 1045 416 spatiis
1077 368 1149 404 illis
1183 369 1328 409 vacuis,
1362 379 1447 416 quae
1480 368 1524 404 li-

115 424 264 460 brarius
287 436 362 460 non
386 425 439 460 ita
467 436 556 459 raro
585 423 738 471 reliquit
758 423 920 471 plurium
944 423 1153 459 litterarum
1186 423 1223 459 in
1255 424 1379 460 medio
1411 436 1523 460 versu

114 485 181 514 aut
219 479 267 514 ad
307 479 418 515 finem
459 490 611 523 versus,
651 490 751 526 saepe
790 479 827 513 in
869 478 1034 525 proximi
1075 490 1208 514 versus
1239 479 1344 514 initio
1380 478 1524 514 maiore

113 531 239 569 littera
270 534 406 581 posita,
436 533 517 569 sine
538 532 615 568 ulla
638 545 785 577 rasura,
816 545 862 568 ne
886 532 1077 568 minimam
1101 533 1252 580 quidem
1276 545 1359 569 esse
1380 533 1526 569 lacunae

113 588 380 635 suspicionem,
410 588 476 624 sed
507 600 552 623 ea
583 595 648 623 aut
678 600 784 624 mera
813 587 968 623 libidine
998 594 1062 623 aut
1093 589 1142 623 ob
1172 599 1328 624 causam
1356 587 1523 635 aliquam

113 653 160 678 ex
193 643 322 678 codice
354 644 562 690 archetypo
593 650 754 678 tractam
787 650 928 678 temere
960 642 1085 689 posita
1114 654 1206 678 esse.
1284 643 1328 678 Id
1360 643 1413 678 ita
1443 654 1525 679 esse

114 696 309 745 intelliget,
337 698 400 745 qui
432 699 511 734 haec
539 697 575 732 in
606 697 704 733 libi-o
738 698 834 733 XLI
866 704 903 732 et
932 696 1050 733 XLII
1081 698 1383 745 comparaverit:
1416 697 1524 734 XLI.

113 752 250 794 9,12;
297 757 354 795 lo,
383 756 425 795 43
473 756 530 795 18,
563 755 605 795 ὃς
651 753 783 794 XLII,
815 754 850 796 2,
883 754 925 795 5;
977 753 1111 795 13,1;
1158 754 1216 797 19,
1250 754 1293 791 6:
1338 754 1401 795 24,
1434 756 1454 788 4
1489 759 1525 789 et

119 809 182 849 10;
215 809 278 849 40,
316 810 382 849 ll;
412 814 557 843 ceteros
588 807 707 842 libros
737 807 883 842 omitto.

223 860 412 907 Quoniam
453 872 584 897 omnes
625 869 713 896 ante
747 860 1010 909 Kreyssigium
1045 860 1143 896 Livii
1183 861 1348 897 editores
1388 862 1424 897 in
1464 862 1522 897 his

111 914 215 952 libris
246 927 316 963 pro
347 916 429 964 ipso
460 916 590 951 codice
619 915 741 951 solum
765 917 895 964 primm
916 915 1091 951 editionis
1113 915 1368 951 testimonium
1401 916 1519 952 secuti

110 977 197 1005 sunt
236 971 414 1016 (Basileae
444 971 481 1006 in
521 970 675 1006 officina
705 971 950 1006 Frobeniana
980 982 1014 1005 a.
1046 970 1298 1017 MDXXXI)
1337 979 1453 1018 atque
1482 971 1519 1007 in

111 1036 156 1060 eo
186 1037 264 1060 suae
294 1038 419 1073 operae
450 1025 737 1062 fundamentum
771 1032 990 1073 posuerunt,
1022 1025 1304 1068 annotavimus,
1336 1025 1520 1073 quidquid

111 1090 157 1114 ea
194 1079 309 1115 editio
353 1088 390 1116 et
419 1093 441 1116 a
472 1080 602 1116 codice
639 1088 675 1116 et
712 1093 735 1116 a
764 1088 898 1116 nostra
927 1079 1091 1116 editione
1121 1080 1334 1128 discrepat,
1370 1081 1521 1117 omissis

110 1139 270 1172 tantum.
301 1146 383 1182 quae
414 1135 461 1171 ad
492 1135 778 1171 scribendarum
810 1147 946 1171 vocum
977 1135 1163 1171 rationem
1186 1135 1375 1183 pertinent
1404 1135 1522 1181 (velut

111 1188 214 1235 quod
242 1189 335 1225 satiS
363 1198 592 1231 constanter,
624 1190 689 1225 ubi
721 1190 758 1226 in
789 1190 919 1226 codice
950 1190 1192 1226 accusativus
1214 1190 1372 1237 pluralis
1402 1191 1521 1226 tertiae

110 1242 146 1278 in
178 1245 209 1279 is
238 1244 327 1287 exit,
359 1247 408 1280 eis
439 1245 630 1293 ponitur),
663 1244 898 1293 Grynaeique
927 1257 1064 1280 nomen
1095 1245 1378 1292 adscripsimus.
1435 1246 1521 1292 (Usi

108 1308 238 1333 sumus
279 1299 454 1347 exemplo
493 1300 581 1335 edit.
625 1300 878 1342 Basileensis,
927 1299 1030 1346 quod
1069 1299 1106 1335 in
1147 1299 1374 1336 bibliotheca
1415 1300 1521 1348 regia

109 1352 320 1388 Hauniensi
361 1355 447 1401 est.)
510 1355 648 1402 Itaque
696 1355 759 1390 ubi
804 1354 887 1390 sola
935 1354 1075 1390 codicis
1122 1354 1308 1402 scriptura
1354 1355 1519 1403 ponitur,

110 1418 230 1454 neque
261 1407 418 1455 Grynaei
446 1421 570 1456 neque
600 1409 697 1444 alius
723 1409 978 1445 emendatoris
1008 1409 1161 1444 nomine
1192 1409 1335 1452 addito,
1367 1422 1413 1445 ea
1442 1409 1518 1446 iam

109 1473 132 1497 a
160 1462 329 1510 Grynaeo
361 1463 412 1498 ad
442 1476 524 1500 eam
556 1463 719 1499 formam
752 1465 955 1500 emendata
985 1471 1053 1504 est,
1085 1476 1198 1511 quam
1229 1475 1299 1500 nos
1329 1471 1519 1500 tenemus:

135 1662 168 1695 ¹)
199 1660 382 1700 Imaginem
410 1661 583 1701 scripturae
609 1661 734 1690 codicis
760 1661 816 1689 aeri
842 1661 979 1691 incisam
1006 1668 1128 1701 praetcr
1145 1661 1339 1692 Walchium
1368 1671 1399 1692 et
1423 1663 1516 1693 End-

198 1706 360 1737 lichcrum
387 1707 479 1737 dedit
506 1706 656 1737 Pcrtzius
689 1706 831 1744 (Archiv
855 1705 877 1736 f.
905 1707 983 1737 aclt.
1011 1706 1172 1738 deutsche
1200 1708 1515 1739 Gcsch'chtskunde

198 1751 260 1789 IV,
288 1756 377 1790 521).
429 1753 588 1783 Errorum
615 1752 714 1782 trium
742 1761 903 1791 generum
931 1753 1087 1794 exempla
1112 1754 1242 1794 aliquot
1267 1755 1400 1786 addam.
1444 1755 1516 1785 Pri-

199 1808 290 1828 mum
321 1799 467 1839 positum
495 1805 544 1829 cst
576 1799 610 1828 in
636 1798 877 1839 anticipatione
909 1800 1073 1839 quadam,
1107 1809 1208 1840 quum
1236 1800 1391 1832 librarius
1417 1801 1516 1831 oculo

197 1845 298 1876 nimis
323 1851 524 1885 properante
551 1845 681 1875 litteras
707 1845 896 1884 syllabast-e,
929 1852 986 1876 aut
1020 1846 1196 1877 verborum
1224 1848 1369 1887 speciem
1397 1857 1438 1877 cx
1463 1848 1514 1885 iis,

199 1899 272 1930 quae
303 1898 506 1931 sequuntur,
544 1891 750 1921 intermiscet
786 1890 953 1931 prioribus
987 1898 1046 1922 aut-
1071 1902 1132 1932 pro
1157 1892 1324 1932 prioribus
1349 1893 1454 1933 ponit.
1481 1899 1517 1924 ut

198 1936 309 1974 XLII,
338 1940 391 1973 54,
421 1940 451 1973 7,
480 1946 581 1976 quum
610 1937 823 1967 scribendum
850 1944 940 1967 esset
965 1948 1000 1968 ne
1029 1944 1177 1978 temptata
1203 1938 1326 1979 quidem
1353 1949 1516 1980 oppuyna·

199 1982 290 2019 tione,
313 1983 445 2022 scripsit
473 1994 510 2012 ne
527 1988 669 2023 puynata
698 1981 839 2023 quidem.
875 1983 1007 2014 obiecta
1032 1985 1122 2015 verbi
1150 1985 1259 2025 specie
1285 1995 1327 2015 ex
1353 1996 1516 2026 oppuyna-

198 2028 295 2066 tione3
328 2029 478 2059 ciusdem
511 2029 643 2067 generis
670 2035 720 2059 cst
752 2027 868 2059 XLII.
898 2032 956 2061 65.
987 2033 1026 2060 10
1052 2029 1389 2071 εἰνειιηῃίυιᾱαὸαηίυν
1402 2029 1516 2072 funda

196 2084 258 2115 pro
284 2073 564 2105 circumdabantm·
588 2082 620 2105 et
646 2074 773 2105 XLIV.
794 2078 848 2105 33.
872 2078 906 2104 ll
937 2086 974 2105 er
997 2076 1117 2107 statiua
1141 2077 1274 2107 statione
1299 2087 1360 2118 pro
1385 2088 1423 2108 ex
1448 2088 1516 2108 ma-

198 2120 299 2151 tutina
323 2127 356 2151 et
381 2124 436 2157 34,
462 2125 472 2151 l
495 2121 636 2152 contione
656 2120 845 2151 adnuntiata
862 2127 1095 2160 pronuntiasset
1112 2133 1172 2163 pro
1190 2122 1363 2154 aduocata.
1418 2124 1516 2154 Alte-

198 2176 270 2196 rum
296 2176 402 2205 genus
429 2173 478 2198 est
505 2167 612 2198 simile
639 2174 672 2197 et
697 2175 879 2206 cognatum
908 2168 941 2197 in
969 2169 1194 2209 praecipienda
1222 2170 1458 2200 terminatione
1485 2177 1517 2201 et

199 2211 306 2243 forma
332 2213 486 2243 vocabuli
514 2214 705 2254 sequentis,
743 2220 779 2243 ut
803 2213 922 2250 XLII,
952 2217 1013 2251 49,
1041 2218 1058 2245 8
1087 2215 1241 2246 scribitur
1265 2227 1332 2246 cum
1358 2215 1406 2246 his
1431 2216 1516 2257 coyi-

199 2258 349 2289 tatianum
375 2259 506 2290 omnium
534 2258 676 2289 ordinum
710 2269 770 2300 pro
796 2259 1035 2300 coye'tatz’om'bus
1071 2266 1103 2291 et
1129 2271 1156 2291 c.
1193 2264 1253 2294 60,
1281 2265 1299 2291 6
1327 2262 1357 2292 in
1383 2262 1516 2293 transilit

191 2303 358 2343 fluminum
390 2305 520 2335 hostium
557 2316 617 2346 pro
641 2304 787 2346 fluminis
821 2313 852 2336 et
880 2309 939 2337 65,
963 2310 980 2336 9
1015 2305 1072 2337 hoc
1105 2306 1157 2338 illo
1183 2306 1292 2338 bellum
1319 2319 1430 2338 nouum
1456 2318 1516 2349 pro

198 2349 285 2381 bello.
325 2350 475 2382 Tertium
502 2351 584 2382 illud
609 2360 662 2382 est
686 2361 802 2391 genus,
824 2361 890 2392 quo
909 2352 1065 2384 librarius
1084 2353 1250 2384 obiectam
1270 2355 1381 2384 animo
1400 2364 1442 2384 ex
1461 2354 1516 2385 lit-

199 2397 278 2427 teris
299 2397 427 2437 aliquot
448 2398 592 2438 speciem
617 2398 708 2428 verbi
732 2404 790 2428 ant
808 2397 924 2428 formae
939 2398 1079 2430 licenter
1092 2400 1243 2440 sequitur
1255 2406 1287 2430 et
1313 2400 1426 2441 explet
1441 2399 1513 2439 (cfr.

198 2442 272 2473 Em.
299 2446 424 2484 p.-489
460 2453 492 2474 n.
525 2450 557 2474 et
592 2444 633 2474 de
668 2445 784 2475 codice
810 2443 982 2475 Puteaneo
1012 2455 1043 2485 p.
1072 2449 1176 2485 207),
1211 2452 1246 2476 ut
1269 2445 1386 2483 XLII,
1413 2450 1468 2483 21,
1497 2450 1515 2477 8

196 2487 436 2528 ρίεὸιὶςεείιιίίαιί
457 2490 604 2531 iussitque
630 2491 690 2529 (ex
721 2490 840 2521 litteris
866 2490 974 2526 cinit).
1018 2495 1080 2528 41,
1109 2495 1127 2522 6
1164 2503 1282 2523 sumere
1313 2499 1518 2523 accusaturus

199 2543 260 2574 pro
284 2546 349 2565 sum
375 2542 574 2567 recusaturus
599 2536 759 2577 (expleto.
786 2536 874 2576 quod
902 2543 976 2577 post
1000 2548 1119 2568 sumere
1149 2538 1297 2569 restabat
1323 2539 1518 2578 cusano-us),

199 2579 327 2617 XLIII,
347 2584 377 2618 6,
398 2585 437 2612 10
461 2583 646 2613 committere
668 2593 794 2623 possum
813 2592 873 2623 pro
893 2583 1018 2614 comiter
1042 2594 1242 2624 responsum3
1268 2584 1417 2615 indidem
1446 2590 1520 2616 orta

201 2624 254 2656 hos
280 2627 364 2657 noris
381 2637 442 2668 pro
465 2627 591 2659 honoris
608 2628 721 2666 XLII,
746 2633 799 2667 24,
830 2630 845 2658 7
875 2634 907 2659 ct
929 2630 1069 2670 accipiat
1087 2630 1135 2661 his
1153 2641 1214 2671 pro
1236 2630 1404 2671 accipiatis
1417 2634 1471 2668 42,
1488 2632 1518 2661 7.
