1742 2902
155 525 209 572 23

323 132 372 167 60
682 125 784 157 Liber
809 124 919 156 XLII.
971 124 1028 164 (A.
1057 133 1088 156 u.
1115 134 1142 155 e.
1171 127 1261 161 582).

265 250 420 288 familiae
450 249 624 297 precibus
653 248 788 292 victus,
818 248 942 284 idibus
971 248 1120 283 Martiis
1152 247 1286 282 adesse
1316 258 1419 282 reum
1448 244 1568 287 iussit,
1599 254 1675 290 quo

266 320 326 355 die
358 319 446 354 novi
479 318 723 365 magistratus
753 317 879 353 inituri
911 326 1015 352 erant
1046 317 1242 359 honorem,
1273 328 1320 351 ne
1342 315 1481 350 diceret
1511 313 1580 357 ius,
1612 311 1677 360 qui

266 388 439 436 privatus
469 386 619 423 futurus
647 394 755 425 esset.
817 388 880 423 lta
916 386 1066 434 rogatio
1106 386 1152 421 de
1186 386 1388 434 Liguribus
1426 393 1508 420 arte
1548 380 1679 418 fallaci

265 456 370 492 elusa
401 463 468 492 est.

380 525 515 574 Legati
567 524 903 572 Carthaginienses
965 537 1011 560 eo
1063 531 1236 572 tempore
1292 523 1425 559 Romae
1478 528 1583 557 erant
1641 526 1680 556 et

268 595 461 640 Gulussa,
511 595 610 631 filius
641 595 866 630 Masinissae.
932 594 1036 629 luter
1074 606 1139 628 eos
1171 605 1318 640 magnae
1351 592 1611 627 contentiones
1641 590 1680 626 in

267 673 400 701 senatu
434 664 551 702 fuere.
611 663 947 710 Carthaginienses
979 664 1255 710 querebantur,
1291 671 1427 709 praeter
1457 673 1603 708 agrum,
1633 660 1680 696 de

268 746 344 782 quo
376 742 464 770 ante
495 734 610 781 legati
641 735 690 769 ab
723 734 871 774 Roma,
919 732 982 779 qui
1027 735 1061 767 in
1106 744 1146 767 re
1184 731 1358 779 prae>enti
1395 735 1681 777 cognoscerent,

267 805 372 839 missi
410 812 554 847 essent,
598 803 761 850 amplius
794 803 907 838 LXX
952 802 1094 850 oppida
1135 801 1367 848 castellaque
1405 800 1486 847 agri
1519 799 1681 835 Cartha-

267 874 447 922 giniensis
478 873 628 909 biennio
661 885 850 920 proxumo
882 872 1125 908 Masinissam
1171 871 1208 906 vi
1245 871 1370 917 adque
1401 870 1517 905 armis
1548 881 1682 916 posse-

267 944 379 979 disse.
445 943 487 979 ld
520 943 585 986 illi,
616 943 673 977 cui
706 941 796 977 nihil
828 942 932 989 pensi
964 942 1025 985 sit,
1056 941 1167 976 facile
1197 952 1296 981 esse;
1346 938 1682 986 Carthaginienses

267 1013 411 1048 foedere
455 1012 634 1059 inligatos
679 1011 811 1054 silere;
874 1012 1066 1058 prohiberi
1113 1011 1209 1045 enim
1256 1019 1365 1045 extra
1409 1010 1503 1044 fines
1549 1008 1683 1044 efferre

268 1095 396 1126 arma3
429 1094 661 1130 quamquam
696 1081 830 1123 sciant,
862 1081 897 1115 in
929 1081 1007 1115 suis
1038 1080 1187 1123 finibus,
1220 1080 1250 1114 si
1282 1080 1368 1114 inde
1385 1078 1574 1114 Numidas
1605 1077 1683 1125 pel-

266 1152 406 1197 lerent,
447 1164 488 1187 se
517 1160 691 1199 gesturos
725 1150 882 1193 bellunm
935 1151 997 1185 illo
1028 1150 1130 1185 haud
1163 1150 1342 1197 ambiguo
1374 1149 1499 1196 capite
1531 1147 1684 1183 foederis

268 1222 470 1265 deterreri,
501 1234 577 1268 quo
607 1221 747 1256 diserte
778 1228 953 1256 vetentur
983 1233 1066 1255 cum
1099 1220 1213 1255 sociis
1244 1218 1375 1266 populi
1407 1218 1570 1254 Romani
1603 1216 1684 1253 bel-

269 1291 345 1327 lum
386 1303 531 1339 gerere.
612 1290 688 1327 Sed
734 1290 808 1325 iam
855 1290 955 1325 ultra
999 1290 1217 1337 superbiam
1264 1288 1603 1334 crudelitatemque
1648 1293 1686 1322 et.

270 1362 473 1398 avaritiam
521 1361 601 1396 eius
644 1372 720 1395 non
764 1360 843 1407 pati
883 1371 996 1407 posse
1028 1358 1378 1406 Carthaginienses
1452 1357 1592 1392 Missos
1631 1367 1685 1401 se,

269 1432 333 1479 qui
365 1438 519 1467 orarent
549 1438 746 1474 senatum,
777 1438 817 1464 ut
850 1429 960 1464 trium
993 1429 1128 1464 harum
1162 1440 1287 1464 rerum
1321 1440 1432 1462 unam
1466 1428 1514 1462 ab
1545 1438 1585 1462 se
1615 1425 1684 1461 im-

269 1501 410 1550 petrari
441 1500 626 1544 sinerent,
658 1506 698 1535 ut
727 1499 786 1535 vel
817 1512 863 1535 ex
893 1511 1002 1546 aequo
1038 1499 1132 1534 inter
1160 1511 1275 1544 reyenz
1305 1497 1449 1533 so‹·ium
1482 1496 1686 1544 populum-

270 1584 365 1618 que,
403 1571 491 1617 quid
524 1570 707 1616 cuiusque
737 1577 848 1613 esset,
892 1569 1160 1615 disceptarent,
1206 1568 1266 1603 vel
1298 1567 1555 1615 permitterent
1589 1567 1685 1602 Car-

269 1640 583 1688 thaginiensibus,
614 1648 654 1674 ut
684 1639 868 1674 adversus
899 1639 1037 1673 iniusta
1069 1651 1177 1685 arma
1208 1638 1270 1684 pio
1307 1638 1482 1683 iustoque
1515 1648 1555 1671 se
1587 1645 1684 1671 tuta-

269 1720 400 1746 rentur
431 1710 552 1753 bellO,
597 1708 656 1744 vel
698 1709 744 1744 ad
778 1717 1009 1749 extremum,
1054 1708 1084 1742 si
1115 1707 1241 1755 gratia
1282 1707 1365 1754 plus
1397 1719 1510 1753 quam
1545 1705 1684 1740 veritas

270 1788 362 1827 aput
393 1791 458 1814 eos
489 1779 656 1823 valeret,
699 1778 814 1814 semel
859 1786 1087 1820 statuerent,
1134 1777 1221 1824 quid
1257 1778 1439 1811 donatum
1482 1788 1526 1811 ex
1560 1775 1684 1810 alieno

270 1849 485 1886 Masinissae
516 1849 666 1885 vellent.
744 1847 958 1883 Modestius
989 1856 1089 1882 certe
1126 1847 1283 1881 daturos
1314 1859 1399 1889 eos,
1437 1854 1469 1880 et
1509 1845 1684 1888 scituros,

272 1919 362 1966 quid
396 1918 608 1961 dedissen13
660 1918 782 1965 ipsum
815 1917 982 1961 nullum,
1029 1926 1281 1964 piaeterquam
1321 1927 1399 1950 suae
1427 1914 1592 1950 libidinis
1622 1926 1684 1949 ar-

271 1989 406 2033 bitrio,
443 1989 554 2035 finem
585 1987 786 2025 facturum.
868 1987 1016 2022 Horum
1049 1986 1079 2021 si
1113 1986 1205 2021 nihil
1236 1988 1504 2033 impetrarent,
1549 1993 1583 2019 et
1615 1983 1684 2019 ali-

271 2059 373 2106 quod
413 2071 522 2094 suum
563 2065 650 2105 post
687 2057 817 2092 datam
851 2069 875 2092 a
907 2057 951 2094 P.
982 2056 1162 2103 Scipione
1198 2067 1331 2102 pacem
1366 2055 1543 2090 delictum
1573 2060 1684 2098 esset,

271 2172 290 2198 3
319 2178 427 2198 rerum
491 2174 508 2198 4
536 2167 698 2197 honorem
735 2165 913 2196 edicet-etis
952 2165 1006 2204 qui
1070 2164 1103 2197 8.
1136 2167 1146 2194 l
1181 2163 1318 2194 fallacia
1384 2161 1518 2200 XXIII,
1547 2161 1576 2195 1,
1609 2165 1620 2192 1
1651 2166 1684 2191 et

271 2231 421 2266 tempore
472 2229 490 2255 2
519 2225 692 2255 massilisae
722 2225 726 2263 Ι
757 2223 931 2253 contiones
987 2220 1018 2255 2,
1051 2224 1061 2250 1
1093 2222 1357 2259 cartaginienses
1380 2222 1384 2257 Ι
1406 2229 1530 2257 oegrum
1581 2222 1599 2248 2
1627 2218 1684 2257 qui

271 2293 305 2313 re
322 2283 431 2323 slyen.
485 2288 503 2311 4
532 2282 811 2320 masinissamque
838 2281 868 2310 ui
919 2279 951 2315 3,
979 2283 996 2309 2
1026 2279 1200 2319 prohibere
1223 2282 1227 2315 Ι
1250 2286 1346 2308 extra
1378 2277 1460 2308 fines
1495 2276 1540 2307 bis
1563 2275 1684 2316 scripta

269 2340 303 2377 4,
335 2345 345 2370 l
377 2341 503 2381 pellent
568 2344 585 2369 2
613 2346 669 2369 ant
695 2338 802 2375 (Fort.
838 2338 994 2376 ambigue
1022 2335 1092 2377 My.
1120 2336 1192 2367 En..
1220 2336 1304 2373 515)
1368 2339 1386 2366 3
1428 2335 1516 2374 quod
1552 2334 1683 2364 deserte

270 2398 304 2436 5,
321 2401 332 2428 l
352 2405 403 2428 set
425 2401 430 2435 Ι
452 2397 643 2437 supet-uiam
664 2396 962 2434 ‹·redulitntemque
995 2398 1013 2424 2
1037 2394 1300 2433 cat-tagittienses
1322 2394 1327 2432 Ι
1350 2393 1471 2423 missos
1491 2400 1564 2422 esse
1583 2392 1680 2421 tiron.

272 2454 379 2495 (sese)
406 2459 425 2485 3
453 2455 695 2494 triumphat-um
723 2463 832 2483 rerum
855 2456 860 2492 Ι
883 2453 1036 2493 imperari
1086 2450 1118 2487 6,
1150 2455 1159 2480 1
1192 2458 1248 2480 net
1265 2450 1314 2480 vel
1336 2459 1378 2480 ex
1401 2450 1525 2488 cquoin
1552 2450 1683 2479 socium

272 2525 503 2567 populumque
531 2521 602 2562 My.
630 2521 702 2552 Em.
730 2521 808 2552 516.
846 2520 944 2562 Gryn.
976 2526 1012 2550 ut
1036 2520 1086 2550 vel
1114 2529 1156 2549 ex
1181 2529 1277 2559 aequo
1304 2519 1390 2558 apud
1417 2518 1548 2548 socium
1577 2526 1682 2557 popu-

271 2583 340 2614 lum
405 2586 422 2611 2
452 2586 564 2611 essent
604 2578 634 2614 7,
662 2583 679 2608 2
708 2579 787 2617 quid
814 2579 984 2608 dedissent
1011 2578 1088 2617 quid
1117 2578 1224 2616 ipsum
1255 2577 1259 2616 Ι
1290 2575 1416 2606 nullam
1439 2578 1444 2614 Ι
1466 2574 1605 2604 arbitrio
1630 2572 1683 2604 su-

272 2646 384 2671 turum
440 2638 473 2675 8⁷
505 2641 517 2668 1
547 2637 693 2675 aliquam
722 2645 817 2666 suum
868 2638 887 2665 2
914 2636 1029 2665 datum
1053 2635 1058 2674 Ι
1081 2634 1241 2664 dilectum
