1753 2934
587 155 661 186 Lib.
691 153 971 184 xxx—XXXI.
1380 155 1428 188 33

85 286 232 318 hostium
259 291 368 318 castra
394 285 611 327 expugnavit,
639 285 671 315 in
697 286 819 324 quibus
840 286 902 317 XL
928 287 1101 317 hominum
1130 286 1217 318 ferro
1244 287 1379 327 ignique
1406 298 1484 319 eon-

85 352 218 389 sumpta
242 353 329 378 sunt.
387 346 575 388 Syphacem
608 355 666 387 per
692 344 729 377 C.
759 346 895 377 Laelium
933 353 966 378 ct
993 346 1207 379 Masinissam
1234 349 1330 389 cepit.
1382 349 1485 380 Masi-

86 408 175 439 nissa
189 408 448 450 Sophonisbam‚
476 417 612 438 uxorem
630 407 804 448 Syphacis,
831 408 933 438 filiam
952 409 1185 447 Hasdrubalis,
1213 417 1345 451 captam
1373 411 1483 441 statim

83 469 254 500 adamavit
278 476 312 499 et
337 468 461 508 nuptiis
488 467 585 498 factis
612 478 751 499 uxorem
778 469 912 505 habuit;
951 471 1134 509 castigatus
1160 482 1179 501 a
1206 471 1362 511 Scipione
1388 482 1484 502 vene-

83 539 160 560 num
189 530 218 560 ei
246 530 344 567 misit,
371 540 438 570 quo
463 529 519 560 illa
544 529 666 560 hausto
692 531 845 561 decessit.
907 529 1140 571 Effectumque
1178 532 1290 562 multis
1317 533 1483 572 Scipionis

83 592 239 628 victoriis,
267 596 303 622 ut
328 589 626 630 Carthaginienses
653 592 685 622 in
713 591 978 632 desperationem
1005 592 1069 622 aeti
1097 592 1129 622 in
1156 593 1316 623 auxilium
1343 593 1484 633 publiea}

83 652 201 684 salutis
222 653 445 684 Hannibalem
463 657 669 683 revocarent.
721 653 819 693 Isque
838 663 926 683 anuo
945 659 1042 684 sexto
1056 653 1188 683 decimo
1205 653 1302 684 Italia
1321 654 1484 685 decedens

83 715 115 745 in
148 714 296 746 Africam
331 714 462 746 traiecit
490 715 694 753 tentavitque
730 724 788 755 per
822 714 1027 754 colloquium
1070 724 1185 755 pacem
1229 725 1302 745 curn
1329 714 1484 756 Scipione

83 786 294 818 componere,
322 783 354 807 ct
372 786 472 817 quum
501 777 540 806 dc
567 776 821 806 condicionibus
843 776 932 817 pacis
951 785 1017 806 non
1039 777 1262 815 convenisset,
1288 776 1358 806 acie
1378 777 1483 806 victu?-

82 844 141 869 est.
192 837 266 868 Pax
291 836 627 877 Carthaginiensibus
663 837 852 877 petentibus
886 837 964 868 data
989 843 1048 868 est.
1101 837 1270 868 Hannibal
1301 837 1483 876 Gisgonem

82 909 198 941 pacem
236 899 484 930 dissuadentem
524 907 624 928 manu
660 907 720 928 sua
746 898 909 935 don-axin
947 905 1104 929 excusata
1141 899 1260 929 deinde
1297 899 1483 929 temeritate

83 960 172 997 sacti,
199 961 271 1001 ipse
298 970 412 1000 pacem
440 960 558 990 suasit.
611 958 801 990 Masinissae
827 969 966 999 regnum
990 961 1177 991 restitutum
1203 966 1264 991 est.
1317 961 1483 991 Reversus

80 1023 113 1053 in
139 1022 256 1052 urbem
284 1021 397 1061 Scipio
424 1019 669 1060 amplissimum
696 1020 1008 1061 nobilissimumque
1035 1021 1103 1059 egit
1128 1021 1344 1061 triumphum,
1383 1032 1481 1061 quem

81 1082 121 1121 Q.
156 1082 335 1114 Terentius
367 1081 486 1113 Culleo
523 1088 657 1112 senator
693 1081 838 1122 pileatus
876 1088 1010 1112 secutus
1049 1089 1107 1113 est.
1162 1082 1275 1123 Scipio
1302 1082 1482 1114 Africanus

81 1145 274 1184 (incertum,
301 1144 436 1174 militari
463 1143 554 1184 prius
579 1141 693 1173 favore
720 1153 761 1174 an
787 1143 938 1184 populari
966 1153 1047 1173 aura
1076 1143 1122 1173 ita
1143 1145 1403 1183 cognominatus
1424 1145 1482 1181 sit)

79 1205 205 1246 primus
232 1210 320 1236 certe
347 1205 400 1235 hic
427 1205 604 1245 imperator
637 1205 731 1235 victae
764 1216 783 1235 a
816 1215 849 1235 se
882 1205 1018 1235 nomine
1052 1205 1161 1241 gentis
1194 1206 1391 1236 nobilitatus
1424 1212 1482 1237 est.

79 1265 182 1305 Mago
209 1262 338 1309 [bello]‚
365 1265 420 1305 qui
447 1266 481 1296 in
503 1275 584 1305 agro
612 1265 791 1297 Insubrum
819 1276 894 1297 eum
912 1266 1074 1297 Romanis
1097 1265 1302 1305 conflixerat,
1330 1267 1483 1297 vulnera-

78 1335 154 1365 tus,
193 1337 294 1368 quum
321 1328 353 1357 in
381 1326 534 1358 Africam
561 1336 620 1368 per
646 1327 776 1367 legatos
805 1333 975 1358 revocatus
1002 1333 1240 1365 reverteretur,
1280 1337 1321 1358 ex
1347 1328 1481 1358 vulnere

79 1394 228 1419 mortuus
255 1395 315 1419 (¹181.

612 1493 675 1523 EX
700 1493 787 1525 LIE.
815 1493 947 1525 XXXI.

168 1569 255 1600 Belli
291 1570 449 1600 adversus
483 1569 676 1610 Philippum
712 1570 920 1600 Macedonica
960 1580 1091 1610 regem,
1131 1571 1220 1610 quod
1255 1571 1479 1602 intermissum

77 1638 164 1670 erat,
199 1631 328 1672 repetiti
363 1640 470 1662 eausae
506 1630 694 1661 reseruntur
725 1631 793 1660 hae:
841 1631 1003 1671 Tempore
1043 1631 1212 1662 initiorum
1247 1633 1313 1663 duo
1346 1633 1481 1663 iuvenes

76 1692 292 1731 Acarnanes,
335 1693 389 1731 qui
417 1701 484 1722 non
513 1697 607 1722 erant
633 1692 775 1731 initiati,
814 1692 967 1722 Athenas
993 1699 1156 1722 venerunt
1182 1701 1213 1724 et
1239 1695 1273 1724 in
1299 1695 1481 1724 sacrarium

78 1753 207 1785 Cereris
233 1763 307 1784 cum
334 1754 406 1784 aliis
431 1753 650 1794 popularibus
678 1753 745 1783 suis
770 1754 994 1787 intraverunt:
1033 1754 1074 1783 ob
1102 1754 1176 1793 hoc,
1205 1762 1364 1796 tanquam
1391 1766 1482 1787 sum-

75 1825 165 1846 mum
203 1814 298 1846 nefas
325 1815 594 1851 commisissent,
637 1814 677 1844 ab
709 1814 968 1846 Atheniensibus
1006 1816 1108 1846 oeeisi
1146 1822 1233 1846 sunt.
1283 1817 1480 1847 Acarnane:

76 1877 237 1908 mortibus
272 1886 409 1906 suorum
446 1877 602 1907 commoti
637 1876 679 1906 ad
715 1876 936 1906 vindicandos
970 1876 1046 1907 illos
1077 1877 1238 1908 auxilium
1272 1888 1291 1908 a
1324 1878 1481 1918 Philippo

74 1937 242 1977 petierunt
268 1943 300 1967 et
329 1937 480 1968 Athenas
506 1943 804 1977 oppugnaverunt3
836 1937 1060 1968 Athenienses
1085 1939 1247 1969 auxilium
1276 1950 1294 1970 a
1322 1939 1481 1970 Romanis

73 1999 250 2039 petierunt.
295 1996 450 2039 Coeptum
471 2004 519 2030 est
538 2006 650 2029 autem
670 2008 758 2028 anuo
775 1999 1066 2038 quinquentesimo
1081 2000 1361 2040 quinquagesimo
1378 2000 1480 2040 primo

74 2061 114 2091 ab
140 2061 222 2091 urbe
248 2060 394 2095 condita,
421 2065 499 2100 post
518 2069 635 2100 pacem
653 2058 988 2099 Carthaginiensibus
1013 2061 1126 2091 datam
1152 2062 1268 2102 paucis
1295 2062 1477 2093 mensibus.

76 2121 184 2159 Quum
215 2121 492 2157 Atheniensium,
532 2121 587 2161 qui
614 2131 633 2151 a
658 2121 817 2162 Philippo
844 2121 1104 2158 obsidebantur,
1143 2122 1243 2163 legati
1271 2123 1432 2154 auxilium
1459 2133 1478 2153 a

73 2190 189 2215 senatu
229 2184 392 2224 petissent
428 2189 460 2213 et
495 2183 528 2212 id
567 2187 702 2214 senatus
739 2182 912 2212 ferendum
951 2184 1150 2215 censuisset.
1193 2183 1307 2224 plebe,
1350 2183 1402 2213 cui
1431 2189 1478 2213 tot

71 2245 235 2276 bellorum
271 2244 448 2276 continuus
484 2244 581 2274 labor
613 2243 723 2283 gravis
760 2249 849 2275 erat.
885 2245 1121 2281 dissentiente,
1157 2245 1264 2275 tenuit
1295 2245 1477 2275 auctoritas

71 2315 214 2346 patrum,
251 2311 289 2336 ut.
319 2305 425 2343 ,soeiae
463 2305 584 2336 civitati
619 2304 732 2343 †fer1·e
770 2315 902 2345 quoque
940 2315 1038 2346 opem
1071 2307 1215 2347 populus
1248 2306 1388 2337 iuberet.
1440 2306 1477 2336 Id

72 2367 197 2399 bellum
224 2367 264 2398 P.
281 2367 432 2407 Sulpicio
460 2366 590 2397 consuli
617 2368 811 2397 mandatum
840 2372 899 2398 est.
927 2367 994 2407 qui.
1021 2368 1169 2398 exercitu
1196 2368 1229 2397 in
1241 2366 1476 2398 Macedoniam

71 2429 183 2466 ducto,
218 2428 427 2469 equestribus
453 2427 579 2468 proeliis
613 2437 768 2469 prospere
801 2437 874 2458 cum
901 2427 1060 2469 Philippo
1091 2429 1264 2469 pugnavit.
1323 2429 1475 2468 Abydeni

70 2500 89 2520 a
113 2489 275 2531 Philippo
301 2489 430 2520 obsessi
459 2489 501 2518 ad
527 2489 718 2532 exemplum
747 2489 1010 2528 Saguntinorum
1037 2500 1115 2521 suos
1141 2500 1242 2530 seque
1268 2491 1475 2521 occiderunt.

70 2550 108 2581 L.
135 2550 258 2581 Furius
294 2556 417 2591 praetor
448 2549 568 2581 Gallos
593 2549 752 2581 Insubres
785 2550 987 2582 rebellantes
1022 2559 1054 2582 et
1080 2552 1306 2583 Hamilcarem
1333 2551 1474 2581 Poenum

70 2610 194 2641 bellum
231 2611 264 2641 in
297 2621 338 2641 ea
371 2616 466 2651 parte
498 2610 606 2641 Italiae
640 2611 834 2642 molientem
871 2612 943 2642 acie
975 2613 1064 2644 vicit.
1121 2613 1296 2644 Hamilcar
1321 2622 1360 2642 eo
1386 2612 1475 2642 bello

69 2671 199 2703 occisus
227 2676 278 2703 est
302 2677 334 2703 et
360 2672 465 2702 millia
481 2672 654 2703 hominum
676 2671 823 2703 XXXV.
874 2672 1041 2704 Praeterea
1068 2676 1297 2716 expeditiones
1323 2674 1471 2714 Philippi

1192 2741 1207 2750 n

102 2735 199 2760 Livius
217 2743 254 2760 ex
273 2743 323 2760 rec.
346 2728 489 2766 Madvigr‘ii.
532 2736 605 2761 vm.
1191 2753 1209 2767 .,
