1753 2934
201 300 211 333 l
233 303 238 332 l

334 108 410 143 240
700 105 800 135 Liber
824 104 931 134 XLV.
983 105 1042 144 (A.
1058 114 1089 136 n.
1106 114 1134 137 e.
1151 106 1245 142 587.)

278 228 460 277 potestis,
511 238 594 262 cum
637 238 747 261 nemo
783 226 1017 262 Rhodiorum
1065 238 1172 262 arma
1208 226 1390 262 adversus
1430 237 1498 262 vos
1529 226 1672 262 laturus

277 300 333 333 sit.
407 296 446 333 Si
481 296 772 344 perseverabitis
810 295 846 331 in
886 296 964 334 ira.
1015 302 1161 344 tempus
1192 309 1214 332 a
1245 297 1352 332 vobis
1382 302 1564 344 petemus,
1595 308 1670 343 quo

278 369 374 403 lianc
406 365 595 402 funestam
627 365 855 413 legationem
897 366 1050 401 domum
1081 365 1301 403 referamus.
1379 365 1520 402 Omnia
1554 365 1674 401 libera

277 436 416 484 capita,
446 435 628 483 quidquid
651 435 885 471 Rhodiorum
909 435 1091 476 virorum,
1121 435 1345 472 feminarum
1369 444 1435 471 est.
1466 448 1549 471 cum
1573 436 1675 471 omni.

278 506 440 555 pecunia
469 513 599 541 nostra
629 518 747 541 naves
779 505 1074 541 conscendemus
1097 518 1152 550 ac,
1186 506 1324 542 relictis
1347 505 1549 553 penatibus
1578 506 1672 554 pub-

277 575 357 611 licis
388 576 634 624 privatisque.
664 576 826 612 Romam
858 576 1052 611 veniemus
1083 584 1141 615 et,
1183 576 1283 611 omni
1316 587 1409 611 auro
1440 581 1476 610 et
1505 581 1674 622 argento,

279 644 462 693 quidquid
493 645 643 692 publici,
677 645 859 693 quidquid
890 645 1029 693 privati
1052 654 1119 689 est,
1150 645 1186 681 in
1217 645 1385 688 comitio,
1418 645 1453 680 in
1488 645 1675 681 vestibulo

279 715 391 751 curiae
421 721 557 750 vestrae
591 715 804 758 cumulato,
845 727 1007 764 corpora
1037 722 1169 751 nostra
1198 715 1475 762 coniugumque
1509 727 1553 751 ae
1582 715 1676 751 libe-

279 798 406 820 rorum
439 771 573 820 vestrae
604 785 782 832 potestati
813 785 1094 833 permittemus,
1125 785 1184 821 hic
1210 786 1380 833 passuri,
1412 785 1676 834 quodcumque

282 854 500 903 patiendum
532 854 613 890 erit.
677 855 817 891 Procul
847 856 895 891 ab
937 855 1053 891 oculis
1094 855 1232 891 nostris
1271 856 1358 891 urbs
1407 863 1538 892 nostra
1585 855 1676 892 diri-

281 925 428 973 piatur7
460 925 693 961 incendatur.
770 925 913 961 Hostes
946 925 1117 962 Rhodios
1157 937 1256 966 esse,
1302 926 1466 962 Romani
1511 925 1677 962 iudicare

281 995 459 1043 potestis:
509 1003 565 1030 est
603 1002 729 1031 tamen
767 1002 800 1031 et
842 1002 1010 1031 nostrum
1052 995 1207 1043 aliquod
1246 997 1292 1031 de
1329 996 1438 1032 nobis
1485 996 1677 1038 iudicium,

283 1077 358 1112 quo
389 1078 595 1112 numquam
629 1065 881 1102 iudicabimus
911 1078 980 1101 nos
1010 1072 1158 1101 vestros
1189 1067 1336 1110 hostes3
1376 1078 1445 1103 nee
1475 1067 1676 1114 quicquam

282 1134 429 1171 hostile.
461 1135 608 1170 etiamsi
639 1136 767 1172 omnia
796 1136 995 1184 patiemur,
1025 1135 1246 1172 faciemus.“

394 1205 608 1241 Secundum
653 1205 764 1241 talem
805 1206 1015 1242 orationem
1055 1206 1219 1242 universi
1257 1219 1386 1243 rursus
1423 1207 1678 1255 prociderunt,

280 1286 486 1321 ramosque
517 1274 609 1310 oleae
639 1275 826 1323 supplices
857 1276 1062 1318 iactantes,
1093 1277 1243 1312 tandem
1275 1277 1450 1321 excitati,
1477 1277 1583 1313 curia
1613 1289 1678 1313 ex-

283 1351 486 1380 cesserunt.
561 1345 671 1382 Tunc
712 1346 906 1381 sententia}
947 1346 1174 1393 interrogari
1217 1354 1360 1394 coeptae.
1440 1346 1679 1382 Infestissimi

285 1415 442 1450 Rhodiis
473 1422 598 1459 erant,
644 1416 707 1464 qui
746 1416 918 1452 consules
956 1403 1185 1464 praetoresve
1230 1422 1295 1453 aut
1338 1415 1453 1465 legati
1483 1424 1679 1464 gesserant

283 1485 318 1520 in
350 1485 580 1521 Macedonia
618 1486 769 1522 bellum.
848 1485 1056 1522 Plurimum
1095 1497 1248 1521 eausam
1288 1498 1418 1522 eorum
1455 1487 1598 1523 adiuvit
1628 1487 1682 1524 M.

283 1555 442 1590 Porcius
475 1554 596 1599 Cato,
629 1555 704 1603 qui,
737 1568 848 1604 asper
878 1555 1050 1603 ingenio,
1078 1562 1155 1591 tum
1183 1555 1303 1591 lenem
1339 1557 1542 1605 mitemque
1573 1569 1680 1593 sena-

282 1630 402 1660 torem
437 1626 523 1673 egit.
582 1626 671 1662 Non
701 1627 866 1662 inseram
897 1626 1138 1662 simulacrum
1160 1625 1239 1661 veri
1259 1626 1431 1674 copiose.
1463 1639 1546 1674 quae
1576 1627 1680 1663 dixe-

283 1694 352 1739 ritq
393 1694 615 1740 referend03
659 1696 776 1744 ipsius
810 1697 933 1732 oratio
972 1696 1113 1744 scripta
1143 1702 1269 1739 extat,
1320 1695 1516 1743 Originum
1550 1696 1692 1744 quinto*

283 1763 378 1800 libro
409 1764 566 1801 inclusa.
645 1767 804 1803 Rhodiis
835 1778 1057 1815 responsum
1092 1766 1145 1801 ita
1184 1765 1370 1801 redditum
1413 1773 1487 1802 est.
1535 1773 1576 1802 ut
1613 1778 1682 1802 nec

282 1834 410 1870 hostes
452 1835 584 1872 fierent
626 1849 694 1872 nee
735 1837 826 1874 socii
867 1842 1143 1885 permanerent.
1218 1835 1455 1872 Philocrates
1498 1841 1533 1872 et
1564 1837 1681 1885 Asty-

284 1904 410 1940 medes
442 1905 630 1954 principes
659 1906 861 1955 legationis
892 1912 1010 1944 erant.
1080 1906 1226 1943 Partim
1258 1919 1340 1943 cum
1373 1905 1591 1943 Philocrate
1623 1918 1681 1943 re—

283 2104 302 2131 3
328 2101 456 2131 laturus
491 2101 515 2132 si
547 2100 802 2141 perseum-abins
835 2100 922 2131 infra
955 2105 1086 2140 tempus
1150 2100 1204 2138 12,
1235 2104 1247 2130 l
1277 2100 1431 2141 publiciis
1499 2103 1517 2130 2
1543 2105 1681 2139 argento

283 2167 356 2198 quae
383 2159 472 2198 quod
494 2159 618 2199 publici
638 2159 716 2199 quid
735 2159 856 2199 priuati
907 2162 925 2188 4
942 2158 1073 2199 corpori
1098 2165 1212 2189 nostro
1239 2158 1428 2199 conditique
1455 2167 1494 2188 ac
1519 2157 1682 2188 librorum

284 2219 300 2246 5
329 2222 437 2247 uestra
463 2222 627 2257 potestate
707 2215 770 2254 14,
813 2220 825 2246 l
866 2216 970 2247 hostis
992 2216 996 2255 1
1019 2216 1166 2246 iudicare
1191 2222 1329 2256 possunt
1352 2221 1435 2246 teste
1461 2219 1512 2246 est
1537 2215 1624 2246 enim
1650 2219 1682 2245 et

283 2279 430 2304 nostrum
459 2273 530 2315 My.
556 2273 670 2315 (Gryn.
699 2279 856 2315 possunt3
884 2280 932 2304 cst
960 2282 1074 2304 tamen
1100 2280 1131 2303 et
1157 2272 1321 2314 nostrum)
1357 2277 1374 2304 3
1391 2274 1479 2314 quod
1496 2281 1681 2312 numquam

283 2341 505 2374 iudicauimus
535 2342 631 2375 Gran.
655 2343 659 2382 Ι
682 2343 785 2374 hostis
835 2343 949 2380 XXV,
988 2343 1019 2381 1,
1054 2346 1066 2373 l
1109 2343 1294 2374 orationem
1321 2342 1503 2374 secundum
1529 2341 1679 2372 uniuersi

284 2403 301 2429 2
340 2401 438 2430 curiae
473 2406 686 2432 accesserunt
739 2400 771 2437 2,
802 2404 814 2431 l
852 2407 926 2431 tunt
950 2412 1047 2442 supra
1072 2401 1186 2441 scripto
1213 2410 1230 2431 c
1281 2404 1298 2431 2
1326 2400 1429 2431 rodiis
1477 2402 1496 2429 3
1526 2398 1682 2429 macedo-

283 2457 372 2487 niam
422 2457 452 2491 3.
485 2462 496 2488 l
527 2459 595 2497 egit
620 2459 763 2488 inseram
790 2468 856 2488 non
883 2459 980 2489 simul
1006 2459 1068 2489 uiri
1095 2459 1313 2499 copiasidque
1338 2458 1460 2489 dixerit
1477 2456 1572 2498 Gryn.
1590 2455 1682 2494 (Non

283 2515 426 2546 inseram
454 2515 682 2555 simulacrum)
710 2521 738 2547 et
763 2515 833 2556 Mt).
849 2515 922 2549 Em.
946 2516 1015 2547 604
1041 2516 1122 2556 (veri
1143 2516 1297 2557 copiose;
1333 2514 1430 2557 Gryn.
1449 2514 1513 2545 uiri
1540 2514 1679 2554 copiosi.

284 2571 489 2614 H.asJi1·mat
514 2573 544 2604 in
569 2572 674 2604 codice
699 2584 761 2604 esse
779 2574 992 2605 simulacrum
1019 2574 1114 2614 uiri.)
1185 2573 1218 2608 4.
1249 2577 1260 2604 l
1291 2573 1393 2604 rodiis
1450 2575 1468 2603 3
1495 2571 1680 2611 legationes

283 2630 314 2667 5,
345 2634 356 2661 l
395 2635 522 2672 partem
550 2630 620 2672 My.
653 2632 658 2670 Ι
686 2641 760 2661 cum
787 2632 994 2673 philocrnten
1021 2632 1247 2663 renuntiarent
