1753 2934
327 129 376 164 20
889 125 1059 157 Perioclrae

273 266 305 289 ct
332 267 374 289 ex
399 267 437 288 eo
463 257 654 297 Torquatus
681 264 734 292 est
755 261 978 297 nuncupatus.
1030 256 1114 287 Duae
1139 256 1244 287 tribus
1270 256 1410 294 additae,
1434 255 1617 297 Pomptina
1641 251 1674 287 et

273 318 430 349 Publilia.
481 318 630 349 Licinius
644 317 740 350 Stolo
758 317 831 357 lege
849 329 870 348 a
882 328 914 348 se
927 317 997 348 lata
1015 317 1190 348 damnatus
1209 323 1268 351 est,
1292 317 1379 357 quod
1393 317 1468 358 plus
1483 317 1674 358 quingentis

272 379 442 419 iugeribus
468 379 539 418 agri
563 379 759 419 possideret.
808 379 855 410 M.
871 378 1028 409 Valerius
1056 378 1210 409 tribunus
1235 377 1377 408 militum
1399 377 1546 416 Gallum,
1571 389 1590 409 a
1607 387 1674 420 quo

272 446 472 482 provocatus
499 446 585 477 erat,
621 440 786 471 insidente
818 440 921 480 galeae
955 449 1055 471 corvo
1090 446 1123 470 et
1153 439 1322 479 unguibus
1347 446 1518 481 rostroque
1543 440 1672 472 hostem

273 500 464 539 infestante,
499 501 623 532 occidit
649 508 681 532 et
711 511 754 531 ex
783 511 822 531 eo
849 500 946 532 Corvi
981 510 1104 532 nomen
1131 501 1277 542 accepit,
1313 501 1495 542 consulque
1520 501 1674 542 proximo

272 571 378 601 anno,
405 571 508 602 quum
534 571 639 594 annos
666 561 787 594 XXIII
812 562 965 599 haberet,
1001 563 1044 592 ob
1069 562 1222 593 virtutem
1249 568 1379 593 creatus
1403 569 1464 594 est.
1518 564 1676 594 Amicitia

274 633 350 654 cum
377 622 716 663 Carthaginiensibus
742 623 855 653 iuncta
881 630 939 655 est.
998 622 1161 664 Campani
1188 633 1289 663 quum
1315 634 1333 654 a
1351 623 1559 655 Samnitibus
1583 624 1674 656 bello

274 691 488 725 urgerentur,
529 685 656 715 auxilio
693 685 853 715 adversus
889 694 945 715 eos
971 694 990 714 a
1015 691 1134 715 senatu
1166 686 1288 726 petito,
1327 695 1427 726 quum
1454 686 1486 716 id
1519 695 1586 716 non
1612 685 1673 716 im·
1701 719 1703 722 .

273 751 452 787 peti-arent,
479 746 594 776 urbem
623 752 655 776 et
675 756 772 785 agros
792 746 917 787 populo
942 745 1094 777 Romano
1117 747 1331 783 dediderunt3
1358 746 1400 777 ob
1419 756 1516 786 quam
1540 756 1675 778 causam

277 818 326 839 ea.
355 817 428 848 quae
453 807 566 848 populi
592 808 735 838 Romani
761 807 851 839 sacta
877 814 1009 847 essent,
1050 806 1182 838 defendi
1210 808 1297 838 bello
1324 808 1482 838 adversus
1511 807 1675 840 Samnites

274 870 410 911 placuit.
484 868 596 907 Quum
639 870 681 900 ab
720 870 760 899 A.
798 867 954 900 Cornelio
1002 878 1067 899 cos.
1105 869 1269 900 exereitus
1312 869 1345 899 in
1378 869 1488 900 locum
1523 869 1674 909 iniquum

276 930 436 961 deductus
472 930 506 960 in
533 940 655 970 magno
687 930 877 961 discrimine
912 936 1017 970 esset,
1055 929 1089 960 P.
1120 930 1211 961 Decii
1238 929 1343 961 Muris
1376 930 1498 961 tribuni
1532 930 1674 962 rnilitum

276 1000 377 1032 opera
403 997 552 1023 servatus
578 999 639 1029 est,
667 992 734 1032 qui,
761 998 924 1033 occupato
950 991 1035 1021 colle
1060 1001 1159 1033 super
1176 992 1208 1022 id
1228 992 1353 1031 iugum,
1379 993 1411 1022 in
1431 1001 1495 1032 quo
1509 991 1676 1024 Samnites

275 1053 514 1091 consederant,
554 1054 764 1084 occasionem
792 1052 920 1084 consuli
955 1053 989 1082 in
1021 1053 1200 1091 aequiorem
1235 1054 1345 1084 locum
1373 1053 1535 1083 evadendi
1565 1052 1677 1091 dedit3

273 1116 342 1156 ipse
368 1115 410 1146 ab
436 1115 591 1146 hostibus
612 1117 848 1147 circumsessus
866 1115 984 1156 erupit.
1036 1113 1144 1151 Quum
1164 1115 1284 1145 milites
1299 1115 1455 1155 Romani,
1483 1113 1676 1156 quicapuae

276 1178 309 1207 in
334 1177 488 1217 praesidio
515 1177 621 1207 relicti
648 1182 752 1214 erant,
791 1178 832 1207 de
858 1177 1054 1218 occupanda
1081 1176 1161 1207 urbe
1189 1176 1441 1216 conspirassent
1466 1182 1510 1217 et,
1546 1177 1677 1208 detecto

276 1239 429 1276 consilio,
454 1244 546 1269 metu
572 1238 725 1278 supplicii
752 1248 772 1268 a.
799 1238 922 1279 populo
941 1239 1092 1269 Romano
1118 1236 1328 1274 defecissent,
1355 1247 1414 1278 per
1436 1238 1483 1270 M.
1502 1237 1675 1269 Valerium

278 1299 424 1331 Corvum
453 1301 664 1338 dictatorem,
699 1300 755 1340 qui
782 1300 922 1331 consilio
949 1310 1008 1330 suo
1034 1309 1090 1330 eos
1117 1308 1136 1328 a
1161 1297 1272 1329 surore
1298 1305 1523 1338 revocaverat,
1562 1299 1677 1339 patriae

274 1362 416 1393 restituti
447 1368 532 1393 sunt.
596 1361 662 1392 Res
688 1367 851 1402 praeterea
876 1366 992 1392 contra
1017 1360 1180 1391 Hernicos
1207 1365 1240 1390 et
1265 1359 1381 1391 Gallos
1407 1366 1439 1391 et
1463 1360 1621 1391 Tiburtes
1646 1365 1679 1391 et

275 1422 486 1454 Privernates
519 1430 552 1454 et
577 1423 840 1464 Tarquinienses
873 1430 906 1453 et
931 1422 1099 1455 Samnites
1133 1426 1167 1451 et
1190 1421 1335 1452 Volscos
1368 1430 1528 1462 prospere
1564 1427 1677 1461 gestas

275 1491 432 1515 continet.

828 1529 891 1561 EX
917 1529 1004 1560 LIB.
1032 1528 1137 1571 VIII„

375 1606 486 1639 Latini
503 1615 578 1637 cum
594 1604 774 1646 Campanis
801 1605 953 1637 defecere
979 1612 1022 1646 et,
1048 1606 1161 1637 missis
1187 1605 1308 1645 legatis
1342 1606 1384 1636 ad
1411 1611 1572 1642 senatum,
1600 1616 1680 1637 con·

278 1669 445 1700 dicionem
472 1668 639 1705 tulerunt,
674 1674 726 1705 ut,
769 1667 794 1698 si
832 1676 947 1707 pacem
974 1666 1097 1697 habere
1132 1667 1276 1704 vellent,
1316 1667 1457 1698 alterum
1483 1678 1525 1698 ex
1551 1668 1681 1700 Latinis

280 1731 450 1762 consulem
486 1729 652 1767 facerent3
695 1738 760 1769 qua
800 1727 967 1767 legatione
1002 1727 1140 1768 perlata,
1173 1734 1294 1768 praetor
1330 1737 1443 1759 eorum
1471 1729 1604 1760 Annius
1640 1729 1691 1761 de·

280 1791 449 1833 Capitolio
477 1792 521 1822 ita
545 1790 720 1832 prolapsus
747 1795 806 1827 cst,
838 1796 873 1819 ut
898 1789 1151 1820 exanimaretur.
1185 1790 1242 1821 4Τ.
1260 1789 1407 1821 Manlius
1429 1791 1543 1825 consul
1563 1791 1680 1829 filium,

280 1854 369 1895 quod
396 1859 512 1884 contra
546 1852 690 1882 edietum
729 1851 798 1882 eius
827 1851 983 1881 adversus
1011 1851 1150 1882 Latinos
1181 1857 1398 1892 pugnaverat,
1427 1852 1577 1892 quamvis
1603 1862 1682 1893 pro-

280 1925 376 1956 spere
402 1919 594 1956 pugnasset,
632 1913 738 1943 seeuri
764 1913 938 1952 percussit.
1000 1912 1251 1943 Laborantibus
1284 1913 1317 1942 iu
1351 1913 1422 1943 acie
1455 1913 1618 1944 Romanis
1641 1913 1682 1944 P.

282 1977 421 2014 Decius,
448 1982 525 2006 tunc
553 1973 669 2006 consul
697 1982 771 2003 cum
798 1973 938 2011 Manlio,
965 1974 1099 2004 devovit
1124 1982 1158 2004 se
1184 1983 1244 2014 pro
1271 1973 1431 2013 exercitu,
1459 1979 1492 2004 et
1517 1975 1682 2006 concitato

281 2048 366 2079 equo
393 2048 495 2078 quum
522 2037 556 2067 in
579 2035 705 2066 medios
731 2034 846 2065 hostes
883 2045 916 2066 se
942 2035 1126 2072 intulisset,
1162 2034 1357 2066 interfectus
1391 2040 1496 2065 morte
1529 2045 1590 2066 sua
1616 2036 1683 2067 Ro-

282 2100 389 2130 manis
415 2099 590 2130 victoriam
617 2096 772 2127 restituit.
821 2097 933 2127 Latini
966 2098 998 2127 in
1033 2097 1237 2127 deditionem
1264 2102 1436 2129 venerunt.
1490 2097 1528 2128 T.
1555 2097 1683 2128 Manlio

280 2163 313 2192 in
340 2161 454 2191 urbem
482 2169 612 2190 reverso
639 2168 737 2188 nemo
763 2167 805 2188 ex
829 2158 1001 2189 iuventute
1028 2158 1160 2189 obviam
1186 2158 1361 2199 processit.
1419 2157 1567 2190 Minucia
1590 2159 1685 2199 virgo

281 2222 430 2253 Vestalis
467 2220 586 2252 incesti
625 2221 784 2250 damnata
820 2227 877 2251 est.
949 2220 1143 2251 Ausonibus
1170 2220 1266 2250 vietis
1300 2220 1334 2250 in
1368 2220 1525 2261 oppidum
1561 2230 1603 2250 ex
1637 2220 1685 2251 eis

285 2290 418 2325 captum
445 2282 546 2314 Cales
584 2282 717 2313 colonia
753 2281 899 2311 deducta
934 2286 991 2311 est.
1057 2281 1141 2311 Item
1175 2281 1340 2321 Fregellae
1376 2282 1510 2312 colonia
1543 2281 1687 2312 deducta

283 2352 342 2377 est.
392 2345 600 2375 Veneficium
630 2343 852 2384 complurium
879 2349 1105 2374 matronarum
1132 2343 1374 2383 deprehensum
1403 2350 1462 2382 est,
1497 2353 1539 2374 ex
1565 2343 1685 2384 quibus

283 2406 436 2447 plurimae
461 2407 572 2436 statim
600 2405 706 2446 epotis
732 2404 1010 2435 medicaminibus
1035 2406 1213 2446 perierunt.
1263 2404 1336 2435 Lex
1361 2405 1401 2436 de
1426 2405 1583 2436 veneficio
1609 2412 1688 2437 tunc

283 2468 426 2509 primum
457 2467 637 2498 constituta
666 2473 726 2498 est.
775 2466 1037 2502 Privernatibus,
1067 2476 1167 2506 quum
1194 2466 1423 2503 rebellassent,
1449 2467 1548 2498 vietis
1569 2467 1686 2498 civitas

285 2529 365 2559 data
392 2535 451 2559 est.
502 2528 713 2569 Neapolitani
739 2528 829 2559 bello
857 2534 890 2559 et
915 2528 1089 2559 obsidione
1115 2528 1194 2558 victi
1221 2528 1254 2558 in
1281 2528 1484 2559 deditionem
1512 2533 1686 2559 venerunt.

285 2589 324 2628 Q.
344 2590 501 2627 Publilio,
529 2592 583 2631 qui
611 2600 667 2622 eos
692 2590 880 2628 obsederat,
905 2590 1014 2630 primo
1041 2596 1072 2620 et
1096 2591 1272 2631 imperium
1299 2591 1466 2631 prolatum
1493 2596 1543 2621 est
1567 2596 1601 2620 et
1625 2599 1687 2630 pro

286 2653 425 2684 consule
451 2652 638 2693 triumphus
664 2652 829 2683 decretus.
871 2650 973 2683 Plebs
1000 2661 1088 2682 nexu
1113 2651 1253 2682 liberata
1271 2658 1321 2683 est
1347 2657 1483 2693 propter
1502 2651 1541 2683 L.
1561 2651 1688 2693 Papirii
