1753 2934
225 137 271 170 74
780 133 952 165 Periochae

167 265 337 295 exercitus
364 265 432 304 sui,
469 274 550 304 quas
587 264 731 304 corrupti
757 274 777 294 a
802 263 940 299 Fulvia,
967 263 1015 295 M.
1048 263 1183 294 Antonii
1211 273 1325 301 uxore,
1361 263 1482 294 milites
1507 263 1567 294 ad-

165 336 282 357 versus
308 325 542 366 imperatorem
571 335 666 356 suum
694 325 968 363 concitaverant,
1007 335 1081 356 cuni
1117 325 1210 364 gravi
1237 324 1383 366 periculo
1413 324 1565 356 inhibuit.

166 386 205 418 L.
237 387 403 417 Antonius
429 396 513 425 cos.,
544 385 590 416 M.
619 386 759 416 Antonii
786 386 898 423 frater,
926 387 1042 417 eadem
1070 387 1187 417 Fulvia
1218 386 1413 418 consiliante
1441 385 1566 416 bellum

169 447 292 478 Caesari
318 447 449 484 intulit,
486 448 627 487 receptis
655 448 688 477 in
716 454 823 488 partes
851 458 928 479 suus
956 447 1107 489 populis,
1135 457 1274 487 quorum
1304 448 1374 488 agri
1401 446 1566 477 veteranis

164 509 325 548 assignati
348 515 451 545 erant,
487 515 518 538 et
538 508 584 539 M.
605 509 745 549 Lepido,
772 509 827 548 qui
854 510 1012 540 custodiae
1035 510 1125 540 urbis
1149 519 1222 539 cum
1240 508 1389 539 exercitu
1414 513 1565 549 praeerat,

164 569 251 608 fuso,
278 570 445 600 hostiliter
471 570 505 600 in
531 570 645 600 urbem
671 570 796 610 irrupit.

680 674 744 706 EX
769 675 858 706 LIB.
886 673 1049 708 CXXVI.

255 748 370 781 Caesm·
403 760 504 791 quum
532 758 617 782 esset
643 761 805 782 annorum
832 750 972 788 XXIII,
1011 751 1183 782 obsessum
1217 751 1250 781 in
1279 751 1402 791 oppido
1425 749 1566 780 Perusia

160 812 198 844 L.
219 813 403 842 Antonium
431 819 655 853 conatumque
682 813 859 852 aliquoties
886 822 1058 853 erumpere
1085 819 1117 843 et
1145 812 1313 853 repulsum
1342 811 1428 842 same
1455 811 1565 851 coegit

160 874 194 904 in
221 874 423 904 deditionem
451 875 571 911 venire,
599 875 726 915 ipsique
754 882 786 904 et
811 875 966 905 omnibus
992 874 1153 905 militibus
1187 874 1256 904 eius
1282 874 1421 913 ignovit,
1459 872 1563 904 Peru-

160 937 243 967 siam
270 935 386 971 diruit,
427 936 636 975 redactisque
670 936 703 965 in
738 943 936 976 potestatem
971 946 1063 967 suam
1098 936 1252 966 omnibus
1286 935 1426 965 diversae
1459 935 1562 976 partis

159 997 372 1034 exercitibus,
398 996 524 1039 bell-um
552 998 635 1028 citra
659 997 762 1028 ulluui
791 999 990 1037 sanguinem
1018 996 1173 1029 confecit.

665 1102 727 1133 Ex
754 1105 843 1136 LIB.
873 1103 1050 1136 CXXVII.

254 1181 370 1212 Parthi
389 1180 554 1212 Lab-leno,
581 1181 634 1220 qui
652 1180 930 1220 Pompeianarum
952 1182 1096 1222 partium
1124 1181 1241 1218 suerat,
1269 1181 1353 1211 duce
1379 1181 1411 1210 in
1428 1178 1560 1219 Syriam

157 1244 348 1284 irruperunt
374 1243 529 1280 victoque
555 1242 698 1272 Decidio
726 1242 828 1279 Saxa,
863 1243 910 1273 M.
938 1244 1077 1274 Antonii
1105 1244 1227 1283 legato.
1255 1249 1357 1273 totam
1385 1251 1456 1271 eam
1484 1249 1560 1281 pro-

157 1303 301 1333 vinciam
330 1310 588 1343 occupaverunt.
641 1303 688 1335 M.
720 1304 886 1335 Antonius
913 1314 1013 1344 quum
1040 1305 1082 1335 ad
1109 1305 1233 1335 bellum
1262 1305 1421 1334 adversus
1448 1300 1559 1332 Caesa-

157 1375 225 1396 rem
255 1365 436 1404 gerendum
472 1365 668 1395 incitaretur
701 1366 741 1395 ab
780 1375 883 1396 uxore
909 1366 1027 1396 Fulvia
1054 1382 1068 1396 ἰ
1089 1381 1103 1395 ¹
1137 1375 1178 1396 ne
1212 1365 1400 1395 concordiae
1436 1364 1558 1394 ducum

155 1427 320 1462 obstaret,
346 1435 428 1467 pace
454 1425 544 1456 facta
572 1436 645 1456 eum
673 1424 821 1463 Caesare,
849 1436 997 1457 sororem
1025 1428 1094 1458 eius
1122 1428 1299 1458 Octaviani
1328 1427 1360 1457 in
1389 1425 1558 1456 matrimo-

155 1489 245 1519 nium
261 1488 366 1518 duxit.
420 1486 457 1524 Q.
475 1487 704 1518 Salvidienum
731 1489 873 1519 consilia.
899 1488 1028 1519 nefaria
1044 1490 1203 1520 adversus
1221 1489 1384 1519 Caesarem
1406 1486 1558 1516 molitum

155 1549 280 1580 indicio
305 1559 366 1579 suo
392 1549 566 1589 protraxit,
593 1549 687 1588 isque
713 1551 890 1581 damnatus
918 1557 1055 1582 mortem
1085 1551 1256 1581 conscivit.
1308 1549 1345 1581 P.
1368 1547 1558 1584 Ventidius,

154 1611 294 1641 Antonii
321 1610 470 1650 legatus,
507 1611 650 1641 Parthos
684 1612 803 1651 proelio
829 1612 933 1643 victos
961 1613 1059 1652 Syria
1084 1613 1229 1654 expulit,
1267 1611 1416 1643 Labieno
1444 1619 1558 1640 eorum

153 1673 238 1702 duce
281 1672 402 1702 occiso.
471 1669 581 1708 Quum
622 1673 751 1704 vicinus
783 1673 888 1703 Italiae
929 1674 1034 1704 hostis
1075 1675 1152 1707 Sex.
1192 1674 1374 1715 Pompeius
1409 1671 1558 1703 Siciliam

154 1739 282 1765 teneret
296 1739 327 1763 et
342 1734 578 1763 commercium
593 1744 734 1764 annonae
753 1735 939 1775 impediret,
955 1737 1080 1777 populo
1094 1737 1284 1777 postulante
1299 1745 1373 1765 eum
1389 1744 1428 1765 eo
1440 1743 1556 1774 pacem

155 1794 269 1826 Caesar
295 1800 326 1825 et
352 1795 523 1826 Antonius
550 1794 701 1825 fecerunt
728 1796 784 1828 ita,
811 1802 845 1826 ut
865 1796 1013 1827 Siciliam
1041 1798 1247 1838 provinciam
1274 1797 1423 1827 haberet.
1468 1795 1557 1825 1³1·ae-

153 1863 245 1887 terea
271 1863 381 1887 motus
407 1855 534 1888 Africae
561 1862 593 1886 et
619 1856 709 1887 bella
734 1857 779 1887 ibi
810 1864 906 1897 gesta
932 1861 1091 1890 eontinet.

657 1965 718 1995 EX
747 1966 833 1999 LIB.
861 1965 1058 1999 CXXVIII.

246 2038 356 2077 Quum
394 2039 473 2072 Sex.
499 2040 683 2082 Pompeius
725 2051 837 2072 rursus
868 2042 1055 2074 latrociniis
1091 2052 1181 2073 mare
1216 2041 1371 2073 infestum
1405 2040 1557 2071 redderet

151 2110 213 2131 nec
238 2111 367 2142 pacem,
395 2112 494 2142 quam
521 2109 707 2142 acceperat,
733 2110 918 2143 praestaret,
948 2104 1070 2144 Caesar,
1095 2104 1284 2135 necessario
1303 2104 1461 2133 adversus
1481 2111 1555 2132 eum

151 2161 241 2192 bello
264 2169 432 2203 suscepto,
475 2164 607 2193 duobus
634 2163 808 2195 navalibus
835 2165 959 2205 proeliis
992 2177 1066 2196 cum
1094 2167 1196 2197 dubio
1229 2171 1348 2196 eventu
1380 2163 1554 2205 pugnavit..

150 2224 188 2255 P.
207 2224 396 2261 Ventidius,
423 2225 554 2263 legatus
580 2224 624 2255 M.
647 2226 800 2264 Antonii,
827 2226 971 2258 Parthos
998 2228 1030 2258 in
1058 2228 1155 2269 Syria
1180 2227 1298 2269 proelio
1324 2227 1401 2256 vicit
1426 2234 1556 2265 regem-

151 2295 215 2325 que
253 2296 368 2317 eorum
406 2286 540 2317 oceidit.
599 2265 702 2316 Iu‘daei
740 2297 874 2328 quoque
911 2299 931 2319 a
967 2289 1086 2329 legatis
1123 2289 1265 2320 Antonii
1303 2287 1431 2319 subacti
1465 2291 1552 2317 sunt.

150 2347 318 2378 Praeterea
345 2348 423 2379 belli
451 2355 648 2389 apparatum
676 2349 834 2378 continet.

668 2455 732 2486 EX
759 2455 844 2486 LIB.
872 2454 1033 2488 CXXIX.

242 2530 415 2562 Adversus
454 2531 531 2563 Sex.
566 2532 766 2573 Pompeium
803 2532 894 2563 vario
935 2540 1055 2564 eventu
1095 2532 1273 2564 navalibus
1306 2531 1431 2573 proeliis
1468 2539 1554 2572 pug-

148 2597 264 2623 natum
299 2600 349 2623 est
384 2594 445 2630 ita,
485 2600 520 2624 ut.
555 2604 596 2624 ex
628 2595 759 2625 duabus
788 2594 928 2625 Caesaris
967 2594 1131 2626 elassibus
1158 2595 1283 2635 altera,
1321 2594 1373 2624 cui
1404 2593 1555 2633 Agrippa

147 2660 304 2695 praeerat,
347 2655 513 2693 vinceret,
556 2656 680 2693 altera,
723 2665 825 2696 quam
851 2655 964 2688 Caesar
989 2657 1144 2694 duxerat,
1183 2656 1304 2694 deleta,
1345 2655 1487 2696 expositi
1519 2655 1554 2684 in
