1742 2902
190 1020 233 1054 10

189 1229 226 1262 11

330 135 404 171 108
686 131 787 162 Liber
812 130 922 162 XLII.
975 131 1033 170 (A.
1061 140 1092 162 u.
1121 140 1148 161 c.
1177 132 1270 168 583.)

271 255 448 297 ventutis,
478 254 623 301 equites
647 251 892 288 seminarium
918 256 1091 295 senatus3
1123 251 1210 286 inde
1239 250 1358 287 lectos
1380 251 1418 287 in
1439 257 1567 300 patres
1589 264 1676 290 con-

270 325 382 367 sules,
413 324 499 359 inde
528 323 780 370 imperatores
811 327 953 357 creant.
1022 321 1173 356 Horum
1205 320 1328 368 spolia
1357 320 1473 368 paulo
1505 328 1592 358 ante
1622 323 1675 359 di-

271 393 426 428 visimus
467 392 565 428 iuter
602 404 684 429 vos.
743 392 826 428 Nec
865 390 1048 426 minorem
1080 390 1127 425 de
1156 390 1370 437 legionibus
1400 390 1569 437 peditum
1599 391 1676 428 vic.-

269 462 406 498 toriam
439 462 607 502 habetis,
649 474 753 509 quae,
786 467 973 497 nocturna
1003 459 1096 507 fuga
1125 460 1234 496 vobis
1270 460 1492 502 subtractae,
1523 459 1677 497 naufra-

268 543 403 579 gorum
449 531 704 579 trepidatione
752 531 895 578 passim
947 530 1159 565 natantium
1209 531 1348 566 flumen
1393 528 1676 577 conpleverunt.

269 601 344 637 Sed
385 600 534 637 facilius
572 601 683 636 nobis
723 599 970 647 sequentibus
1013 598 1134 634 victos
1165 600 1335 634 Peneum
1375 611 1558 646 superare
1597 599 1676 646 erit,

269 684 383 719 quam
417 671 490 707 illis
531 670 808 718 trepidantibus
848 669 939 713 fuit;
981 668 1287 716 transgressique
1324 668 1515 716 extemplo
1553 674 1678 706 castra

268 741 597 789 oppugnabimus,
639 751 722 786 quae
751 739 865 775 hodie
895 739 1149 790 cepissemus,
1190 738 1227 773 ni
1266 736 1464 785 fugissent,
1524 738 1618 782 Aut,
1647 738 1678 776 si

268 810 349 846 acie
385 810 588 846 decernere
629 809 776 851 volent,
819 809 980 844 eundem
1022 820 1160 856 pugnae
1189 809 1376 856 pedestris
1407 813 1581 843 eventum
1613 819 1677 844 ex—

265 880 509 927 pectate,qui
534 879 701 927 equitum
727 879 946 915 certaminis
975 878 1082 914 fuit.“
1134 878 1183 914 Et
1215 878 1278 925 qui
1306 878 1489 919 vicerant,
1520 877 1678 923 alacres,
1730 877 1734 905 Ρ

267 949 391 997 spolia
421 962 603 985 caesorum
638 948 803 984 hostium
835 948 1001 983 humeris
1032 954 1220 996 gerentes,
1262 946 1437 983 facinora
1469 959 1539 982 sua
1570 947 1676 983 audi-

271 1031 379 1063 vere,
420 1032 467 1055 cx
495 1032 552 1063 eo,
584 1018 686 1066 quod
718 1017 921 1061 acciderat,
954 1029 1060 1065 spem
1093 1017 1209 1052 futuri
1240 1017 1514 1064 praecipientes,
1546 1023 1582 1051 et
1614 1028 1677 1064 pe-

267 1089 376 1128 dites,
408 1089 532 1124 aliena
559 1088 683 1136 gloria
707 1088 869 1131 accensi,
891 1087 1081 1135 praeeipue
1107 1087 1170 1134 qui
1193 1087 1451 1123 Macedonum
1475 1085 1678 1134 phalangis
1730 1085 1734 1092 '

266 1164 385 1201 erant,
417 1158 488 1193 sibi
521 1170 674 1205 quoque
705 1164 740 1192 et
770 1157 958 1192 navandae
987 1156 1067 1204 regi
1100 1169 1226 1204 operae
1255 1164 1293 1192 et
1324 1155 1482 1192 similem
1515 1154 1676 1202 gloriam
1730 1205 1731 1210 Ἰ

266 1240 313 1263 ex
344 1228 452 1263 hoste
485 1227 657 1275 pariendi
695 1227 935 1262 occasionem
976 1227 1160 1273 optabant.
1211 1226 1378 1262 Contione
1407 1224 1577 1268 dimissa,
1607 1237 1679 1272 po-

265 1302 366 1332 stero
398 1296 458 1332 die
491 1296 685 1343 profectus
711 1297 798 1332 inde
829 1297 877 1332 ad
908 1296 1124 1343 Mopselum
1157 1296 1282 1343 posuit
1313 1302 1451 1331 castra.
1492 1293 1678 1330 Tumulus

265 1367 325 1403 hic
360 1372 447 1402 ante
468 1366 617 1413 Tempe
647 1366 785 1401 eminet
817 1371 853 1401 et
885 1366 1019 1401 Larisa
1052 1365 1198 1400 medius
1225 1365 1333 1400 abest
1363 1364 1544 1401 Gonnum
1574 1364 1679 1399 eunti.

377 1436 544 1479 Romani,
577 1448 653 1470 non
688 1435 935 1471 abscedentes
966 1435 1013 1470 ab
1044 1435 1129 1482 ripa
1157 1434 1295 1477 Penei,
1332 1433 1607 1469 transtulerunt
1638 1433 1676 1470 in

265 1507 390 1542 locum
418 1505 595 1541 tutiorem
628 1511 764 1541 castra.
810 1504 870 1541 Eo
894 1504 1112 1551 Misagenes
1135 1503 1308 1539 Numida
1340 1503 1443 1539 venit·
1467 1515 1549 1538 cum
1577 1503 1678 1540 mille

267 1576 475 1623 equitibus.
507 1575 589 1623 pari
619 1574 786 1622 peditum
819 1586 1000 1617 numere,
1038 1573 1086 1608 ad
1118 1574 1189 1609 hoc
1220 1573 1430 1621 elephantis
1462 1573 1610 1608 duobus
1642 1578 1678 1609 et

267 1645 412 1693 viginti.
471 1645 549 1681 Per
586 1656 650 1680 eos
691 1644 770 1680 dies
802 1643 998 1680 consilium
1030 1643 1185 1678 habenti
1216 1643 1296 1690 regi
1326 1643 1372 1678 de
1403 1654 1551 1678 summa
1583 1642 1677 1687 belli,

267 1728 351 1752 cum
382 1716 458 1750 iam
492 1713 726 1751 consedisset
755 1712 899 1749 ferocia
930 1714 978 1749 ab
1009 1726 1050 1749 re
1081 1714 1175 1749 bene
1205 1719 1327 1760 gesta,
1360 1712 1444 1748 ausi
1474 1717 1562 1748 sunt
1591 1711 1676 1759 qui-

266 1786 354 1821 dam
386 1784 594 1820 amicorum
627 1783 824 1819 eonsilium
855 1784 969 1827 dare,
1007 1789 1048 1819 ut
1087 1783 1254 1819 secunda
1295 1782 1450 1818 fortuna
1479 1782 1517 1818 in
1547 1781 1677 1818 condi-

266 1990 297 2022 ἶ).
325 1994 343 2020 2
371 1989 585 2020 seminarium
620 1991 623 2028 Ι
658 1989 691 2019 111
729 1994 860 2029 patrum
899 1978 989 2021 co—n-s.
1019 1989 1090 2031 My.
1119 1989 1190 2020 Em.
1219 1989 1239 2020 l.
1267 2000 1293 2020 c,
1335 1988 1456 2031 (Gryn.
1485 1990 1518 2020 111
1545 1996 1675 2030 patrum

267 2060 456 2097 numerum)
507 2062 526 2089 3
554 2059 629 2089 inde
655 2042 676 2099 1⁶)
703 2060 779 2099 imp.
808 2065 923 2089 creant
947 2060 950 2098 Ι
972 2059 1074 2099 paulo
1100 2046 1214 2089 antliic
1277 2059 1308 2096 6,
1339 2063 1350 2090 l
1382 2069 1422 2090 ue
1446 2059 1605 2090 minorem
1656 2064 1674 2090 2

268 2123 463 2146 nocturnam
527 2120 545 2145 3
574 2117 827 2157 trepidationem
892 2116 921 2149 7.
953 2121 964 2147 l
995 2126 1148 2157 paencum
1213 2121 1231 2147 2
1262 2117 1419 2157 exemplo
1447 2123 1589 2148 castrum
1616 2129 1675 2159 op-

267 2174 491 2213 pugnuuimus
542 2173 572 2209 S,
589 2178 607 2203 3
636 2175 782 2214 equitum
810 2175 842 2205 in
869 2175 1050 2205 certamine
1079 2174 1149 2215 ills).
1174 2174 1244 2205 Em.
1269 2174 1338 2206 545
1360 2175 1364 2213 1
1388 2174 1488 2206 fuerit
1517 2174 1587 2216 My.
1609 2174 1672 2207 ibd.

265 2229 297 2266 9,
327 2234 344 2259 2
375 2236 528 2269 gerentes
554 2237 632 2262 ante
659 2242 716 2261 ora
743 2242 802 2262 sua
832 2232 928 2263 (Iton.
957 2231 1021 2271 (II.
1051 2232 1079 2262 in
1106 2231 1174 2263 cod.
1203 2244 1266 2262 esse
1292 2232 1443 2271 facinora
1466 2233 1582 2270 scribit,
1611 2233 1672 2266 Kr.

266 2292 386 2322 anora)
432 2288 436 2325 Ι
482 2289 639 2318 audiuere
672 2296 702 2319 ct
728 2298 769 2319 ex
796 2299 861 2330 quo
889 2300 928 2320 eo
954 2290 1122 2320 acciderat
1168 2293 1186 2320 3
1216 2289 1317 2320 futuri
1343 2298 1575 2331 praeponentes
1619 2292 1673 2332 10,

267 2347 285 2374 2
320 2344 493 2384 prm-ilaue
521 2356 583 2384 que
611 2347 832 2377 macedonum
909 2351 926 2377 3
962 2347 1127 2377 navandae
1160 2348 1205 2378 rei
1272 2352 1292 2378 4
1326 2349 1503 2380 occasione
1537 2350 1674 2384 dimissa

266 2401 319 2438 11,
349 2405 366 2430 2
393 2401 468 2440 (sse
494 2402 584 2432 etiam
612 2415 636 2433 c.
669 2404 713 2433 (125
739 2410 766 2434 et
796 2403 842 2434 (1¹7
869 2404 933 2435 init.
962 2405 1130 2444 Mopsium
1158 2403 1288 2446 Siyou.)
1342 2411 1359 2436 2
1377 2411 1436 2437 et3
1456 2413 1484 2438 et
1509 2407 1616 2444 LXII,
1641 2408 1671 2448 1,

270 2461 280 2488 l
311 2459 461 2488 tumulus
481 2458 542 2498 liyc
569 2466 646 2489 ante
673 2466 835 2501 tempeste
862 2467 911 2492 est
936 2462 1059 2492 eminet
1085 2461 1194 2493 larisae
1220 2464 1350 2494 medius
1377 2465 1579 2495 abestonum
1605 2475 1673 2497 non
1723 2485 1728 2492 ι

267 2514 338 2555 My.
367 2515 545 2546 consalin-a
572 2516 698 2548 inem-ta.
728 2517 849 2559 (Gryn.
878 2525 901 2549 t.
934 2519 988 2549 hic
1015 2520 1101 2549 inter
1127 2519 1255 2561 Tempe
1289 2526 1322 2551 et
1345 2520 1515 2553 Larissam
1543 2523 1671 2554 medius

267 2578 326 2603 cst.
354 2573 500 2603 Romani
530 2574 613 2613 non)
680 2575 709 2612 1,
741 2579 751 2605 l
784 2577 1028 2608 abscendentcs
1055 2577 1098 2607 ad
1124 2578 1196 2618 ripa
1220 2579 1325 2619 paenci
1384 2578 1416 2617 3,
1448 2583 1460 2609 l
1494 2580 1581 2619 regis
1605 2581 1608 2610 Ι
1631 2580 1672 2611 de
1724 2598 1725 2604 1

266 2639 398 2660 summa
424 2639 498 2660 cum
526 2630 632 2662 luy-alc.
686 2636 705 2663 3
733 2635 887 2665 secundae
909 2635 912 2675 Ι
937 2635 1136 2666 condicione
1170 2634 1268 2667 Gron.
