1753 2934
461 136 560 166 Liber
586 134 711 166 Xle.
764 135 822 174 (A.
851 133 929 165 Chr.
963 135 1052 172 168.)
1354 135 1426 169 199

88 259 228 295 tatibus
259 267 295 294 et
325 257 599 307 impedimentis
630 271 764 308 pugnae
795 258 885 293 illud
917 257 1136 306 opponitur:
1167 255 1279 302 Quid,
1305 255 1335 291 si
1366 255 1484 291 hostis

88 329 160 366 hac
200 329 423 377 interposita
461 339 569 366 nocte
611 330 771 373 abisset,
816 338 997 375 quantum
1036 339 1164 363 rursus·
1207 325 1398 373 sequendo
1439 337 1483 361 eo

89 398 236 447 penitus
278 398 313 434 in
353 398 522 435 ultimam
553 398 817 435 Macedoniam
864 396 1160 432 exhauriendum
1200 395 1341 432 laboris
1378 394 1485 431 erat?

89 469 172 516 Ego
203 476 343 512 autem,
373 480 494 516 neque
521 482 738 505 mansurum
764 481 847 504 eum
873 479 995 514 neque
1018 467 1054 502 in
1081 466 1199 502 aciem
1222 465 1351 513 copias
1373 465 1484 501 educ-

89 545 211 574 turum
247 536 375 581 fuisse,
405 546 547 574 certum
579 539 714 582 habco,
744 538 775 574 si
805 538 938 574 cedere
967 537 1053 573 hinc
1083 536 1288 571 statuisset.
1333 534 1484 582 Quanto

87 607 184 643 enim
228 606 376 644 facilius
407 608 512 644 abire
549 609 640 654 fuit7
680 621 763 644 cum
801 607 934 656 procul
963 608 1202 649 abessemusff
1233 618 1346 653 quam
1377 616 1486 648 nunc,

87 690 170 715 cum
203 677 239 712 in
278 677 486 715 cervicibus
515 691 645 715 sumus
678 690 746 714 nec
787 677 919 713 fallere
960 691 1028 714 nos
1068 677 1229 713 interdiu
1268 684 1333 712 aut
1377 683 1487 710 noete

87 747 262 783 abeundo
302 747 446 794 potest?
512 748 609 792 Quid
647 756 765 784 autem
809 755 864 783 est
903 748 1011 785 nobis
1060 747 1226 795 optatius
1273 758 1386 794 quam
1435 752 1486 789 ut,

87 829 248 865 quorum
280 825 417 861 castra,
447 820 606 866 praealta
635 818 797 854 fluminis
827 818 911 866 ripa
934 826 1027 862 tuta,
1057 817 1157 852 vallo
1188 816 1341 864 insuper
1369 822 1488 863 saepta

85 900 130 924 ae
159 887 301 924 crebris
336 888 514 931 turribus,
546 901 768 938 oppugnare
799 888 923 924 adorti
953 899 1096 931 sumus,
1130 899 1207 930 eos,
1238 885 1377 922 relictis
1407 898 1487 920 mu-

86 957 282 1000 nimentis,
327 958 478 1005 agmine
525 958 644 995 effuso
683 959 865 994 abeuntes
909 958 947 994 in
989 957 1206 1005 patentibus
1253 955 1396 1004 campis
1439 955 1487 990 ab

86 1036 192 1075 tergo
225 1026 471 1063 adoriamur?
549 1027 621 1063 Hae
657 1028 782 1064 dilatae
811 1040 948 1076 pugnae
978 1040 1026 1063 ex
1054 1027 1230 1063 hesterno
1262 1025 1321 1061 die
1350 1025 1387 1061 in
1417 1025 1487 1060 ho-

84 1098 254 1134 diernum
287 1109 411 1148 causae
437 1096 600 1135 fuerunt.
672 1099 852 1146 Pugnare
883 1098 979 1135 enim
1015 1105 1051 1133 et
1079 1096 1151 1145 ipsi
1179 1095 1270 1131 mihi
1299 1095 1423 1143 placet
1453 1102 1488 1130 et

86 1169 184 1213 ideo,
216 1168 306 1216 quia
335 1180 402 1216 per
425 1166 586 1215 Elpeum
611 1179 760 1204 amnem
789 1177 908 1217 saepta
938 1168 986 1204 ad
1018 1168 1166 1204 hostem
1196 1166 1259 1202 via
1289 1172 1382 1208 erat,
1413 1164 1487 1200 alio

85 1238 210 1283 saltu,
255 1237 407 1274 deiectis
447 1237 609 1273 hostium
647 1238 852 1286 praesidiis,
894 1250 1034 1274 novom
1073 1238 1143 1273 iter
1173 1235 1321 1285 aperui;
1366 1248 1489 1283 neque

85 1308 202 1358 prius,
233 1320 346 1356 quam
378 1307 632 1353 debellavere,
663 1309 884 1345 absistam-⁶

198 1379 293 1414 Post
330 1378 429 1413 hanc
467 1377 677 1413 orationem
716 1378 903 1414 silentium
941 1377 1031 1422 fuit,
1073 1377 1210 1426 partim
1239 1375 1421 1413 traductis
1452 1375 1489 1411 in

87 1447 309 1484 sententiam
342 1447 434 1491 eius,
461 1447 599 1495 partim
624 1449 839 1484 verentibus
863 1448 1117 1496 nequicquam
1142 1446 1335 1484 offendere
1362 1446 1401 1482 in
1431 1458 1489 1489 eo,

86 1517 207 1566 quod,
244 1526 445 1565 utcumque
474 1518 789 1565 praetermissum,
832 1518 1007 1554 revocari
1042 1530 1117 1554 non
1156 1526 1296 1565 posset.
1355 1519 1416 1552 Ac
1445 1528 1492 1551 ne

86 1588 151 1624 illo
184 1588 266 1636 ipso
298 1587 447 1635 quidem
481 1587 541 1623 die
567 1596 631 1623 aut
655 1588 798 1624 consuli
820 1596 884 1625 aut
904 1588 984 1636 regi
1013 1600 1180 1635 pthnare
1197 1587 1378 1635 placebat,
1406 1587 1491 1632 rem}

86 1657 190 1705 quod
216 1669 286 1692 nec
316 1655 460 1700 fessos,
492 1666 530 1692 ut
559 1657 700 1705 pridie,
731 1670 778 1694 ex
810 1658 874 1694 via
912 1671 1035 1706 neque
1072 1658 1306 1706 trepidantes
1342 1657 1381 1692 in
1411 1656 1492 1691 acie

85 1726 305 1763 instruenda
342 1734 379 1762 et
417 1726 574 1762 vixdum
616 1728 848 1775 compositos
897 1728 1149 1776 adgressurus
1191 1735 1291 1771 erat,
1334 1726 1491 1770 consuli,

86 1797 189 1844 quod
217 1796 254 1832 in
280 1796 390 1832 novis
420 1797 553 1833 castris
587 1809 663 1833 non
692 1797 807 1845 ligna,
837 1810 913 1833 non
942 1797 1124 1846 pabulum
1149 1804 1371 1834 convectum
1398 1804 1491 1839 erat,

87 1867 136 1902 ad
175 1878 259 1914 quae
298 1867 462 1915 petenda
501 1879 547 1902 ex
584 1867 807 1915 propinquis
846 1868 948 1916 agris
985 1880 1124 1916 magna
1161 1880 1251 1915 pars
1283 1867 1440 1902 militum
1472 1878 1492 1901 e

87 1936 222 1972 castris
263 1936 420 1974 exierat.
474 1937 622 1973 Neutro
667 1936 938 1984 imperatorum
980 1938 1149 1977 volente,
1190 1937 1366 1982 fortuna,
1407 1949 1490 1985 quae

86 2004 171 2054 plus
201 2006 365 2042 consiliis
395 2007 569 2043 humanis
600 2006 730 2055 pollet,
760 2008 951 2043 contraxit
972 2017 1176 2045 certamen.
1221 2007 1383 2043 Flumen
1411 2014 1490 2042 erat

85 2075 188 2112 haud
219 2088 397 2124 magnum
426 2077 582 2126 propius
612 2077 775 2113 hostium
807 2077 962 2116 castris.
1008 2091 1055 2113 ex
1086 2090 1160 2125 quo
1195 2087 1231 2113 et
1262 2077 1491 2113 Macedones

86 2241 118 2280 6,
145 2249 164 2273 4
191 2242 332 2283 paenitus
357 2243 390 2273 iu
417 2242 535 2273 ultima
585 2241 614 2279 7,
642 2246 660 2272 3
689 2251 785 2282 quem
812 2252 901 2272 nunc
950 2247 969 2272 4
997 2252 1058 2273 nos
1076 2252 1137 2273 nec
1154 2242 1299 2273 interdiu
1318 2249 1375 2272 aut
1392 2250 1491 2272 nocte

83 2300 286 2331 abeundtem
313 2308 362 2331 est
388 2299 460 2342 1319.
484 2299 557 2331 Em.
585 2300 655 2331 5258
689 2298 805 2342 (Gryn.
841 2300 981 2331 sumus?
1016 2299 1086 2330 Nec
1113 2299 1244 2330 falleret
1268 2309 1329 2330 nos
1354 2309 1416 2330 nec
1441 2301 1490 2330 in-

84 2359 193 2389 terdiu
218 2367 278 2389 nec
304 2365 403 2389 nocte
429 2358 594 2389 abeundo.
629 2356 719 2396 Quid
745 2365 856 2388 autem
883 2358 948 2398 est)
1014 2358 1047 2394 8,
1077 2361 1090 2388 1
1120 2363 1253 2398 optatus
1288 2366 1428 2397 quarum
1454 2365 1490 2387 ut

86 2430 105 2457 2
132 2434 238 2468 saepta
264 2427 389 2458 crebris
454 2432 474 2457 4
501 2427 656 2458 abeuntis
726 2431 744 2457 5
772 2427 966 2458 adoriantur
1034 2426 1066 2464 9,
1092 2431 1109 2457 2
1136 2413 1191 2467 pel
1214 2438 1312 2468 supra
1335 2433 1450 2468 scripto
1475 2437 1490 2457 r

87 2484 91 2525 j
129 2484 271 2525 elpeium
300 2484 415 2527 (Gr-yn.
441 2484 624 2526 Enipeum)
699 2489 718 2515 4
744 2486 833 2516 absit
924 2483 998 2520 XL,
1025 2483 1056 2521 2,
1083 2488 1101 2515 2
1139 2491 1198 2515 aut
1221 2486 1292 2525 regi
1314 2485 1402 2524 quod
1427 2494 1489 2514 nec

87 2540 233 2584 Kreyse„
260 2542 320 2573 nisi
345 2541 430 2583 quod
461 2543 597 2583 placuit.
634 2542 731 2585 Gryn.
767 2550 824 2573 aut
856 2542 1005 2579 consule,
1031 2549 1087 2573 aut
1112 2552 1202 2582 rege,
1229 2543 1318 2582 quod
1345 2552 1407 2573 nec
1447 2559 1486 2564 —

85 2606 173 2631 erat:
212 2600 348 2631 consule
419 2603 438 2631 3
474 2600 672 2641 trepidantis
754 2604 771 2630 5
809 2600 903 2639 ligno
970 2614 978 2630 ι
1021 2600 1147 2631 exierat
1184 2611 1225 2632 ne
1263 2607 1313 2632 tot
1345 2602 1488 2642 impera-

87 2663 197 2688 torum
247 2657 278 2696 3,
307 2661 325 2688 2
352 2657 488 2690 consilis
535 2657 569 2696 4,
603 2661 616 2688 1
645 2657 794 2688 flunmen
843 2661 861 2688 2
887 2657 1042 2698 proprius

1522 1518 1544 1553 2

1521 1940 1542 1974 3

1521 2010 1543 2043 4

1544 1371 1599 1417 40
