1742 2902
175 919 220 953 10

172 1128 213 1163 11

316 112 363 146 40
661 109 763 140 Liber
787 108 898 139 xm.
962 108 1020 148 (A.
1053 119 1083 140 u.
1113 119 1139 140 c.
1169 109 1265 149 581.)

256 230 454 266 Hannibal
495 229 722 274 violassent,
760 230 906 267 violare
941 243 1075 280 parum
1111 230 1309 275 habuisse,
1349 230 1420 266 nisi
1458 230 1663 268 detexisset

256 298 356 335 foede
388 311 432 335 ac
462 310 583 347 prope
613 298 801 337 diruisset.
864 300 1089 337 Detractum
1115 300 1263 337 culmen
1294 300 1448 348 templo,
1479 300 1660 337 nudatum

255 373 393 404 tectum
415 374 546 415 patere
566 367 750 405 imbribus
771 369 1111 417 putrefaciendum.
1163 368 1383 411 Censorem,
1413 368 1582 405 moribus
1602 381 1661 405 re-

254 436 387 484 gendis
412 443 593 482 creatum,
623 438 683 474 cui
709 445 815 474 sarta
838 445 939 475 tecta
963 439 1117 487 exigere
1140 438 1258 474 sacris
1279 437 1439 486 publicis
1469 443 1506 474 et
1534 437 1663 474 locare

254 506 396 542 tuenda
423 518 527 543 more
556 508 742 544 maiorum
768 507 948 544 traditum
977 514 1086 551 esset,
1118 520 1201 544 eum
1233 519 1301 556 per
1329 507 1518 544 sociorum
1548 507 1662 543 urbes

254 574 464 612 diruentem
498 577 641 625 templa
671 578 955 624 nudantemque
991 583 1091 613 tecta
1119 577 1255 612 aedium
1285 589 1481 613 sacrarum
1513 576 1662 624 vagari,

254 649 289 679 et
330 645 452 692 quod,
492 645 523 681 si
560 646 596 682 in
639 646 800 695 privatis
837 646 1028 682 sociorum
1061 646 1227 682 aedificiis
1264 645 1425 690 faceret,
1465 645 1660 694 indignum

254 713 373 749 videri
405 721 545 761 posset,
576 716 614 751 id
640 716 751 752 deum
779 715 1049 752 immortalium
1074 716 1206 763 templa
1236 714 1499 751 demolientem
1522 714 1662 760 facere,

253 789 290 819 et
320 783 557 833 obstringere
586 784 769 833 religione
798 785 981 833 populum
1013 786 1252 829 Romanum,
1286 784 1404 820 ruinis
1433 784 1660 832 templorum

252 852 395 901 templa.
424 853 688 897 aedificantem,
719 860 914 902 tamqnam
943 867 1018 890 non
1052 854 1164 891 iidem
1195 855 1336 901 ubique
1369 853 1406 888 di
1427 853 1662 890 immortales

252 922 344 966 sint,
390 922 455 958 sed
503 923 635 971 spoliis
680 923 840 959 aliorum
885 924 949 960 alii
991 923 1137 960 colendi
1178 922 1477 970 exornandique,
1551 921 1662 967 Cum,

250 991 474 1040 priusquam
501 991 719 1037 referretur,
750 999 965 1041 appareret,
988 993 1078 1040 quid
1105 993 1287 1028 sentirent
1312 999 1454 1041 patres,
1477 992 1663 1028 relatione

250 1060 374 1105 facta,
414 1061 451 1097 in
481 1073 596 1097 unam
627 1073 759 1097 omnes
789 1062 1013 1098 sententiam
1045 1062 1179 1106 ierunt,
1210 1068 1251 1098 ut
1282 1074 1335 1098 eae
1365 1062 1501 1110 tegulae
1530 1074 1661 1110 repor-

252 1130 376 1166 tandae
408 1130 445 1166 in
475 1130 657 1179 templum
688 1131 894 1167 locarentur
913 1131 1202 1180 piaculariaque
1230 1130 1366 1167 Iunoni
1391 1130 1535 1167 fierent.
1567 1129 1663 1175 Quae

250 1200 299 1236 ad
329 1200 551 1248 religionem
592 1200 800 1249 pertinent,
840 1212 923 1236 cum
962 1212 1053 1237 eura
1092 1200 1217 1244 facta3
1260 1200 1408 1249 tegulas
1437 1198 1589 1235 relictas
1623 1199 1661 1235 in

250 1283 342 1307 area
372 1270 523 1318 templi,
563 1270 653 1318 quia
692 1270 996 1318 reponendarum
1038 1282 1149 1307 nemo
1180 1269 1319 1307 artifex
1349 1269 1444 1306 inire
1473 1269 1659 1304 rationem

249 1340 427 1388 potuerit,
457 1339 716 1388 redemptores
747 1339 980 1375 nuntiarunt.

361 1410 421 1446 Ex
452 1409 693 1458 praetoribus,
731 1409 795 1456 qui
824 1408 861 1444 in
894 1408 1112 1457 provincias
1140 1409 1274 1453 ierant,
1304 1408 1355 1444 N.
1379 1408 1524 1444 Fabius
1553 1408 1659 1444 Mas-

248 1479 340 1515 siliae
371 1478 542 1523 moritur,
573 1491 657 1515 cum
688 1479 725 1515 in
757 1478 967 1514 citeriorem
1002 1478 1231 1527 Hispaniam
1262 1478 1345 1514 iret.
1394 1478 1544 1525 Itaque,
1573 1489 1658 1514 cum

247 1548 286 1584 id
316 1549 529 1584 nuntiatum
569 1561 592 1583 α
622 1548 928 1584 Massiliensibus
966 1547 1101 1595 legatis
1132 1552 1249 1591 esset,
1289 1552 1443 1582 senatus
1481 1546 1661 1592 decrevit,

249 1625 289 1654 ut
319 1619 362 1655 P.
395 1619 535 1655 Furius
574 1625 611 1654 et
643 1617 711 1654 Cn.
746 1616 952 1662 Servilius,
995 1617 1132 1664 quibus
1161 1616 1454 1659 succedebatur,
1493 1616 1590 1652 inter
1619 1622 1661 1653 s'e

248 1688 494 1732 sortirentur,
538 1693 620 1723 uter
650 1687 863 1723 citeriorem
896 1686 1124 1734 Hispaniam
1160 1692 1368 1734 prorogato
1401 1685 1560 1733 imperio
1592 1697 1659 1733 op-

249 1757 396 1795 tineret.
465 1757 558 1795 Sors
597 1764 815 1805 opportuna
853 1756 936 1801 fuit,
982 1762 1020 1792 ut
1058 1757 1101 1793 Ρ.
1135 1756 1274 1791 Furius
1307 1755 1428 1798 idem,
1469 1755 1576 1790 cuius
1615 1766 1661 1790 ea
1717 1758 1721 1766 ¹

249 1826 447 1875 provincia
477 1827 622 1869 fuerat,
662 1832 889 1863 remaneret.
951 1825 1098 1862 Eodem
1139 1837 1260 1869 anno,
1302 1837 1385 1860 cum
1427 1824 1508 1872 agri
1539 1823 1660 1871 Ligu·
1717 1828 1722 1836 ⁴

249 1896 336 1932 stini
366 1903 401 1932 et
433 1895 594 1939 Gallici,
635 1896 737 1944 quod
768 1896 866 1932 bello
899 1901 1052 1943 captum
1084 1901 1185 1938 erat,
1223 1894 1458 1942 aliquantum
1490 1898 1660 1937 vacaret,

250 1973 404 2002 senatus
439 1965 651 2002 consultum
684 1971 740 2001 est
776 1965 942 2010 factum,
986 1971 1027 2000 ut
1056 1965 1087 2000 is
1118 1974 1210 2011 ager
1244 1962 1383 1999 viritim
1415 1962 1659 2000 divideretur.

250 2114 268 2140 2
295 2110 431 2141 annibal
455 2110 458 2150 Ι
481 2110 639 2141 habuisse
664 2110 691 2141 si
717 2111 901 2141 detexisset
948 2114 967 2140 3
994 2094 1176 2140 dii-iiuisset
1223 2107 1253 2145 7,
1286 2111 1296 2138 l
1327 2108 1547 2138 detrectatum
1566 2107 1660 2138 colu-

250 2176 324 2197 men
375 2172 393 2197 2
416 2166 568 2198 Dal-erus
595 2168 758 2198 nudatum
774 2173 862 2198 tecto
885 2166 889 2208 Ι
911 2176 1028 2207 parere
1052 2167 1056 2206 Ι
1079 2167 1110 2197 id
1127 2174 1300 2197 censorem
1323 2167 1327 2203 Ι
1350 2165 1505 2204 gerendis
1539 2168 1558 2195 3
1584 2164 1661 2195 loca
1716 2179 1722 2191 s

251 2225 376 2254 tuenda
403 2224 473 2265 My.
493 2224 562 2255 Em.
579 2224 659 2255 510.
713 2229 732 2254 4
757 2225 914 2255 traditum
933 2223 978 2254 bis
995 2223 1100 2264 script.
1140 2223 1172 2261 8,
1189 2226 1207 2252 4
1232 2228 1348 2263 posset
1367 2223 1454 2253 idem
1479 2220 1600 2263 (Gr-yn.
1625 2220 1660 2251 id
1716 2222 1721 2249 ἰ

251 2281 368 2320 deum)
388 2281 628 2312 immortalium
647 2282 886 2312 demolientem
910 2279 1004 2312 Curio
1049 2280 1081 2318 9,
1108 2284 1126 2311 2
1150 2280 1236 2310 idem
1287 2282 1306 2310 3
1333 2279 1375 2309 ali
1399 2279 1403 2318 Ι
1426 2278 1660 2318 exornfiltique
1716 2266 1722 2283 ’ὲ

251 2339 304 2375 10,
321 2341 338 2368 2
354 2344 555 2378 apparerent
576 2337 581 2378 Ι
602 2339 774 2377 legatione
812 2343 831 2369 3
847 2339 954 2369 ierant
1010 2341 1029 2368 4
1046 2337 1206 2378 templum
1223 2336 1453 2377 iaculariaque
1492 2335 1546 2373 11,
1563 2338 1582 2366 2
1609 2343 1660 2366 re·
1716 2338 1718 2349 ¹

250 2407 383 2446 gionem
440 2410 457 2435 4
485 2408 656 2446 potuerint
716 2407 776 2443 IV,
805 2408 836 2446 1,
870 2411 882 2437 l
914 2393 965 2437 cn.
993 2405 1103 2437 fabius
1129 2386 1266 2447 Sigon..
1295 2408 1314 2436 2
1340 2405 1387 2436 irc
1448 2403 1480 2441 2,
1508 2407 1527 2434 2
1554 2413 1573 2433 a
1599 2413 1657 2433 om.

251 2478 270 2505 3
298 2474 452 2506 seruilius
479 2455 601 2514 quibus
635 2475 669 2505 in
706 2476 895 2516 hispaniam
921 2475 984 2506 iret
1009 2474 1121 2515 itaque
1154 2483 1230 2505 cum
1266 2474 1299 2505 id
1325 2473 1515 2504 nuntiatum
1541 2471 1659 2502 massi-

250 2544 412 2575 liensibus
438 2543 558 2583 legatis
584 2525 918 2575 essetsuccedebatur
948 2547 967 2573 4
987 2543 1213 2584 (sortirentiur
1226 2541 1278 2583 H)
1320 2541 1353 2578 3,
1374 2544 1385 2572 l
1406 2540 1470 2572 fuit
1493 2550 1526 2581 p.
1553 2539 1660 2571 surius
1716 2555 1717 2559 =

250 2612 343 2653 Piqh.
368 2611 373 2652 1
396 2622 436 2643 00
490 2616 509 2643 3
536 2611 660 2643 bellum
711 2615 730 2642 4
757 2600 801 2643 s—c.
830 2612 873 2644 sit
896 2611 1022 2643 factum
1049 2609 1180 2653 Kreyss.
1207 2609 1328 2652 (Gryn.
1356 2609 1399 2641 sit
1424 2609 1502 2650 om.)
