1753 2934
260 131 281 164 6
290 129 309 163 4
823 125 993 157 Periochae

731 257 793 287 Ex
819 257 907 288 LIB.
936 256 1083 288 XCVII.

297 332 342 363 M.
373 331 515 363 Crassus
541 336 662 372 praetor
688 333 830 372 primum
859 343 933 364 cum
960 339 1053 374 parte
1081 332 1312 374 fugitivorum,
1339 344 1412 374 quae
1438 344 1479 366 ex
1505 335 1612 369 Gallis

203 394 448 433 Germanisque
485 392 680 424 constabat.
721 392 864 424 feliciter
895 397 1073 435 pugnavit,
1113 396 1206 427 caesis
1233 396 1377 427 hostium
1403 388 1543 430 XXX&
1582 405 1613 431 et

203 457 345 487 ducibus
383 464 497 485 corum
533 451 634 484 Casto
669 461 701 484 et
727 453 894 486 Gannico.
958 456 1041 487 Cum
1069 457 1233 497 Spartaco
1265 458 1387 488 deinde
1421 460 1613 501 debellavit,

203 519 297 550 caesis
325 528 398 549 eum
426 517 498 557 ipso
525 505 598 546 IX.
666 516 713 546 M.
741 517 910 547 Antonius
943 526 1064 558 praetor
1090 519 1214 550 bellum
1241 520 1401 551 adversus
1433 520 1613 556 Cretenses

201 590 318 621 parum
358 587 515 620 prospere
556 583 745 618 susceptum
786 587 889 608 morte
928 589 986 610 sua
1028 580 1122 611 finiit.
1188 580 1235 610 M.
1281 580 1441 614 Lucullus
1481 594 1612 625 procos,

204 642 351 672 Thracas
378 640 520 678 subegit.
572 639 610 670 L.
639 639 801 670 Lucullus
836 640 866 669 in
892 639 1004 671 Ponto
1038 641 1196 671 adversus
1227 641 1440 674 Mithridaten
1472 644 1614 678 feliciter

201 702 374 744 pugnavit.
402 701 495 731 caesis
512 700 660 730 hostium
682 701 824 740 amplius
851 710 952 740 quam
967 701 1028 732 LX
1048 702 1207 733 millibus.
1265 703 1312 733 M.
1333 702 1472 736 Crassus
1499 712 1532 738 et
1549 707 1610 740 Cn.

201 763 386 804 Pompeius
414 762 570 792 consules
597 761 676 792 facti
708 768 795 797 sunt,
822 761 1004 803 Pompeius
1032 770 1212 805 antequam
1241 772 1443 803 quaesturam
1471 775 1612 808 gereret,

201 835 244 855 ex
263 825 374 864 equite
390 824 556 854 Romano.
597 823 828 854 Tribunteiam
848 829 1049 863 potestatem
1066 827 1290 859 restituerunt.
1326 827 1450 859 Iudicia
1479 839 1612 870 quoquc

200 897 259 928 per
286 886 331 917 M.
351 885 526 916 Aurelium
552 883 686 915 Cottam
714 892 888 925 praetorem
916 887 957 916 ad
984 887 1112 925 equites
1139 888 1311 919 Romanos
1338 890 1501 922 translata
1524 899 1610 923 sunt.

200 948 417 979 Mithridates
445 947 678 987 desperatione
706 956 814 977 rerum
842 958 977 978 suarum
1005 954 1140 980 coactus
1157 951 1197 980 ad
1212 950 1407 990 Tigranem,
1441 953 1611 985 Armeniae

201 1019 324 1049 regem,
348 1008 508 1047 confugit.

724 1100 787 1131 Ex
814 1100 901 1132 LIB.
930 1099 1094 1132 XCVIII.

270 1170 274 1174 ’
294 1177 484 1213 Machares,
507 1177 595 1207 filius
610 1176 827 1209 Mithridatis.
855 1178 996 1217 Bospori
1024 1188 1094 1216 rex,
1122 1179 1192 1210 aL.
1210 1179 1353 1211 Lucullo
1376 1181 1408 1211 in
1427 1182 1608 1212 amicitiam

201 1246 354 1280 receptus
380 1246 440 1270 est.
493 1238 553 1270 Cn.
579 1238 743 1269 Lentulus
776 1245 807 1268 et
832 1239 870 1270 L.
900 1238 1030 1269 Gellius
1064 1249 1216 1272 censores
1251 1222 1403 1283 asperam
1437 1252 1611 1274 censuram

201 1308 352 1342 egerunt,
379 1308 538 1342 quattuor
564 1306 595 1330 et
622 1299 799 1336 sexaginta
825 1307 946 1331 senatu
973 1301 1082 1332 motis.
1138 1303 1171 1332 A
1195 1303 1317 1342 quibus
1343 1303 1448 1334 lustro
1475 1304 1611 1335 condito

201 1373 303 1394 censa
329 1369 407 1394 snut
432 1362 556 1393 civium
583 1362 693 1401 capita
714 1350 877 1393 JTCCW.
934 1362 973 1393 L.
1003 1361 1160 1395 Metellus
1194 1371 1317 1404 praetor
1349 1365 1383 1395 in
1410 1365 1526 1396 Sicilia
1552 1366 1612 1396 ad·

201 1435 316 1456 versus
341 1425 466 1465 piratas
491 1432 650 1464 prospere
677 1432 745 1453 rem
773 1425 884 1463 gessit.
933 1423 1110 1465 Templum
1137 1423 1228 1455 Iovis
1259 1425 1292 1454 in
1314 1424 1493 1466 Capitolio,
1521 1428 1611 1467 quod

201 1486 358 1516 incendio
385 1493 618 1526 consumptum
648 1495 688 1515 ae
724 1484 886 1516 refectam
923 1492 1010 1522 erat,
1050 1495 1068 1515 a
1097 1483 1135 1522 Q.
1164 1484 1287 1517 Catulo
1323 1487 1514 1520 dedicatum
1549 1493 1611 1520 est.

202 1547 240 1578 L.
266 1547 430 1578 Lucullus
459 1547 490 1576 in
518 1546 682 1577 Armenia
705 1545 925 1577 Mithridaten
951 1553 983 1577 et
1009 1547 1180 1585 Tigranen
1207 1552 1238 1578 et
1264 1548 1416 1588 ingentes
1442 1550 1614 1591 utriusque

201 1610 289 1649 regis
315 1609 429 1649 copias
450 1608 603 1648 pluribus
629 1607 756 1648 proeliis
781 1606 878 1638 fudit.
930 1607 968 1646 Q.
986 1608 1144 1640 Metellus
1171 1620 1313 1650 procos,
1339 1611 1430 1642 bello
1456 1612 1614 1643 adversus

205 1670 384 1701 Cretenses
418 1670 598 1707 mandato,
640 1668 825 1710 Cydoniam
859 1671 975 1700 urbem
1015 1670 1159 1701 obsedit.
1210 1669 1248 1702 C.
1277 1671 1440 1713 Triarius,
1480 1672 1613 1713 legatus

201 1731 347 1769 Luculli,
374 1733 532 1763 adversus
551 1731 771 1762 Mithridaten
798 1740 915 1770 parum
942 1741 1102 1772 prospere
1128 1733 1301 1772 pugnavit.
1354 1733 1544 1771 Lucullum,
1572 1745 1613 1766 ne

201 1800 459 1836 persequeretur
476 1793 697 1824 Mithridaten
723 1802 762 1822 ac
791 1793 961 1832 Tigranen
987 1803 1218 1833 summamque
1241 1794 1390 1824 victoriae
1416 1796 1614 1836 imponeret,

203 1855 324 1886 seditio
351 1855 494 1885 militum
521 1855 639 1893 tenuit,
667 1854 721 1895 qui
749 1854 842 1894 sequi
871 1853 1033 1885 nolebant
1053 1853 1074 1896 [,
1102 1855 1132 1885 id
1160 1861 1210 1886 est
1234 1855 1385 1895 legiones
1411 1856 1615 1895 Valeriana,

203 1926 277 1957 quae
302 1917 440 1958 impleta
467 1927 487 1947 a
511 1926 547 1948 se
573 1917 738 1958 stipendia
764 1916 915 1946 dieentes
940 1916 1121 1947 Lucullum
1147 1915 1381 1958 reliqueruutJ.

741 2022 806 2053 EX
829 2021 918 2054 LIB.
946 2023 1072 2054 XCIX.

297 2099 339 2138 Q.
365 2100 525 2131 Metellus
551 2109 682 2139 procos.
711 2099 847 2130 Cnoson
874 2106 906 2131 et
929 2101 1072 2141 Lyctum
1099 2106 1131 2131 et
1159 2100 1344 2140 Cydoniam
1372 2104 1404 2128 et
1429 2098 1515 2129 alias
1543 2098 1616 2139 plu-

205 2163 306 2193 rimas
334 2162 432 2192 urbes
460 2162 674 2202 expugnavit.
727 2162 764 2193 L.
792 2162 935 2193 Roscius
977 2168 1016 2194 tr.
1044 2163 1088 2203 pl.
1125 2161 1231 2200 legem
1259 2161 1346 2197 tulit,
1386 2166 1421 2190 ut
1448 2159 1617 2200 equitibus

204 2223 368 2255 Romanis
403 2224 436 2254 in
476 2223 609 2254 theatro
643 2223 728 2254 XIV
766 2224 891 2263 gradus
924 2224 1069 2264 proximi
1108 2223 1369 2263 assignarentur.
1424 2220 1486 2252 Cn.
1514 2221 1616 2252 Pom-

203 2286 299 2326 peius
325 2286 399 2325 lege.
425 2286 468 2316 ad
493 2285 654 2326 populum
682 2286 750 2316 lata
776 2285 932 2326 persequi
967 2286 1092 2325 piratas
1126 2285 1249 2322 iussus,
1289 2284 1343 2324 qui
1377 2283 1618 2314 commercium

204 2357 347 2379 annonae
373 2348 653 2385 intercluserant,
691 2347 778 2377 intra
809 2347 1103 2387 quadragesimum
1137 2347 1223 2378 diem
1258 2352 1328 2377 toto
1361 2346 1443 2376 mari
1475 2355 1532 2376 eos
1559 2354 1614 2375 ex-

204 2408 307 2449 pulit,
345 2408 503 2448 belloque
541 2419 616 2440 cum
650 2409 697 2439 eis
733 2409 767 2439 in
793 2407 914 2440 Cilicia
949 2408 1121 2446 consecto,
1164 2409 1311 2449 accept-is
1348 2408 1381 2438 in
1417 2407 1618 2437 deditione-m

204 2470 321 2511 piratis
356 2480 454 2510 agros
489 2476 521 2501 et
556 2471 656 2501 urbes
691 2470 793 2501 dedit.
849 2470 1019 2501 Praeterea
1058 2481 1108 2502 res
1142 2474 1253 2511 gestas
1283 2481 1302 2500 a
1328 2468 1368 2507 Q.
1396 2469 1534 2500 Metello
1560 2469 1618 2499 ad-

206 2541 322 2563 versus
352 2531 530 2563 Cretenses
556 2533 707 2563 continet
733 2539 765 2562 et
795 2532 956 2572 epistolas
983 2532 1112 2563 Metelli
1141 2538 1174 2563 et.
1200 2531 1425 2572 Cn.Pompeii
1452 2532 1484 2561 in
1511 2531 1618 2561 vicem

207 2594 336 2626 missas.
412 2593 568 2632 Queritur
611 2593 648 2632 Q.
686 2594 846 2624 Metellus
885 2594 1026 2633 gloriam
1076 2594 1137 2625 sibi
1176 2603 1287 2624 rerum
1326 2603 1345 2624 a
1382 2603 1416 2624 se
1449 2599 1619 2633 gestarum

206 2655 406 2697 aPompeio
428 2657 570 2697 praeripi,
599 2658 653 2696 qui
675 2657 706 2686 in
724 2656 857 2687 Cretam
885 2655 1011 2686 miserit
1037 2656 1187 2696 legatum
1214 2665 1310 2686 sunm
1337 2655 1378 2685 ad
1406 2654 1620 2695 accipiendas
