1753 2934
167 497 214 543 15

327 118 404 154 226
667 115 771 146 Liber
795 113 905 146 XLV.
962 114 1023 153 (A.
1051 123 1082 144 u.
1110 123 1138 145 c.
1167 114 1262 152 586.)

270 239 313 276 L.
357 236 555 276 Stertinius
599 242 764 284 quaestor
805 237 1048 274 Brundisium
1099 237 1234 274 missus
1284 238 1477 283 iussusque
1521 248 1666 279 curare,

273 315 311 344 ut
343 307 441 343 aedes
470 306 630 354 hospitio

379 501 416 537 in
447 507 626 549 quattuor
654 501 820 537 urbanas
850 501 968 537 tribus
990 500 1165 548 descripti
1195 507 1302 536 erant
1328 500 1504 544 libertini,
1534 504 1669 548 praeter

219 574 227 585 ⁴
273 582 350 615 eos,
380 570 516 618 quibus
546 571 643 606 filius
673 571 903 618 quinquenni
947 571 1068 607 maior
1111 583 1158 606 ex
1202 583 1242 606 se
1275 577 1386 606 natus
1421 577 1530 610 esset,
1575 571 1667 615 (eos,

271 640 335 677 ubi
364 653 551 689 proxumo
582 641 700 677 lustro
731 641 831 677 censi
853 647 988 684 essent,
1019 640 1160 677 censeri
1182 639 1397 685 iusserunt),
1428 648 1465 676 et
1496 653 1572 685 eos,
1603 640 1666 688 qui

270 710 449 759 praedium
492 711 684 758 praediave
728 711 869 747 rustica
913 710 1030 758 pluris
1075 710 1285 746 sestertium
1330 710 1486 758 triginta
1526 709 1668 745 milium

269 781 464 825 haberent,
494 782 515 802 *
540 782 561 802 *
593 780 768 817 censendi
788 780 845 816 ius
875 779 1016 816 factum
1047 787 1115 818 est.
1173 781 1260 817 Hoc
1285 792 1368 816 cum
1392 780 1444 815 ita
1478 786 1668 815 servatum

270 856 380 895 esset,
409 851 575 898 negabat
606 849 808 894 Claudius,
839 848 1011 898 suffragii
1041 850 1219 886 lationem
1252 850 1394 886 iniussu
1425 849 1555 898 populi
1584 861 1669 886 cen-

269 932 393 956 sorem
424 920 598 968 cuiquam
620 921 776 965 homini,
810 920 946 957 nedum
979 919 1101 955 ordini
1128 920 1317 964 universo,
1347 919 1514 956 adimere
1544 931 1669 967 posse.

269 992 406 1039 Neque
435 991 545 1035 enim,
577 992 607 1027 si
637 992 736 1028 tribu
760 1003 913 1027 movere
942 990 1073 1039 possit,
1104 990 1205 1037 quod
1235 990 1283 1026 sit
1311 990 1403 1026 nihil
1433 989 1535 1026 aliud
1557 1001 1670 1037 quam

270 1068 416 1098 mutare
463 1062 593 1098 iubere
630 1061 792 1111 tribum,
836 1061 921 1097 ideo
966 1060 1140 1097 omnibus
1181 1060 1219 1096 V
1258 1066 1294 1096 et
1331 1060 1458 1096 XXX
1499 1059 1670 1096 tribubus

271 1145 446 1168 emovere
475 1144 609 1180 posse,
651 1132 689 1167 id
719 1138 795 1178 est,
837 1131 1028 1167 civitatem
1066 1130 1353 1178 libertatemque
1383 1128 1548 1177 eripere,
1582 1141 1671 1174 non,

271 1202 335 1238 ubi
375 1208 593 1245 censeatur,
634 1201 760 1245 finire,
800 1201 867 1237 sed
907 1212 1019 1237 ceusu
1050 1199 1262 1236 excludere.
1320 1199 1414 1235 Haee
1442 1198 1539 1234 inter
1567 1198 1670 1247 ipsos

273 1272 503 1320 disceptata3
533 1277 726 1320 postremo
758 1283 802 1306 eo
823 1271 1045 1306 descensum
1074 1276 1141 1315 est,
1172 1276 1212 1305 ut
1241 1282 1288 1305 ex
1309 1275 1488 1317 quattuor
1517 1269 1671 1304 urbanis

271 1343 442 1379 tribubus
469 1354 584 1378 unam
613 1340 742 1390 palam
782 1340 819 1376 in
849 1340 946 1376 atrio
981 1338 1186 1376 Libertatis
1216 1338 1458 1382 sortirentur,
1488 1337 1526 1373 in
1557 1350 1671 1385 quam

272 1425 422 1457 omneS,
465 1412 529 1460 qui
573 1412 791 1448 servitutem
834 1410 1056 1454 servissent,
1087 1409 1285 1445 coicerent.
1346 1407 1560 1455 Exquilinae
1589 1419 1671 1443 sors

271 1483 380 1527 exiit3
412 1482 450 1518 in
480 1494 526 1518 ea
545 1481 606 1519 Ti.
629 1481 827 1519 Gracchus
856 1479 1113 1529 pronuntiavit
1142 1478 1337 1515 libertinos
1365 1490 1495 1514 omnes
1530 1477 1671 1514 censeri

272 1553 435 1602 placere.
491 1552 636 1600 Magno
674 1564 719 1588 ea
753 1563 814 1588 res
844 1551 978 1588 honori
1009 1548 1228 1587 censoribus
1266 1555 1358 1597 aput
1387 1554 1560 1585 senatum
1589 1547 1671 1586 fuit.

274 1713 292 1740 3
320 1709 341 1740 l.
369 1694 521 1740 tertiu'ius
557 1707 562 1748 1
597 1707 784 1746 missusque
806 1715 921 1736 curare
986 1709 1005 1735 4
1032 1704 1109 1735 Post
1135 1703 1242 1744 hospi,
1281 1703 1311 1734 in
1336 1715 1396 1743 quo
1422 1701 1571 1733 vocabulo
1587 1702 1686 1742 sini-⁷

273 1766 403 1808 tursol.
431 1764 509 1804 159,
537 1763 691 1796 intercidit
705 1762 824 1804 solium
846 1763 980 1803 primum
1005 1761 1214 1803 quaternionis
1241 1760 1374 1797 XXA',
1408 1761 1439 1790 in
1463 1772 1522 1801 quo
1550 1759 1672 1800 reliqua

274 1823 311 1855 dc
340 1823 506 1864 fllisayenc
525 1823 644 1862 scripta
669 1827 762 1852 erant
787 1821 858 1862 (csr.
896 1819 966 1851 Val.
991 1819 1085 1851 filans.
1124 1818 1160 1856 V,
1186 1818 1222 1855 1,
1247 1818 1302 1859 1),
1328 1817 1399 1848 dein
1425 1817 1462 1848 dc
1487 1817 1616 1847 comitiis
1642 1817 1673 1847 in

271 1882 445 1923 proximum
470 1891 583 1911 annum
619 1879 692 1921 (cfr.
720 1890 745 1910 c.
772 1878 851 1918 16),
883 1884 943 1909 tum
970 1877 1007 1909 de
1038 1887 1168 1908 censura
1200 1876 1247 1907 Ti.
1279 1874 1459 1915 Sempronii
1485 1874 1624 1906 Gracchi
1646 1880 1675 1905 et

276 1939 310 1971 C.
330 1938 461 1970 Claudii
484 1937 627 1973 Pulchri,
655 1937 790 1977 repetitis
815 1934 999 1977 quibusdam
1029 1935 1067 1965 dc
1091 1934 1300 1975 superioribus
1325 1933 1510 1971 ccrzsoribzw,
1541 1931 1574 1963 C.
1591 1931 1672 1963 Fla-

273 1997 366 2028 minio
391 2003 420 2028 et
447 1996 487 2027 L.
515 1994 658 2027 AEmilio.
709 1994 788 2032 XV,
814 1994 844 2032 1,
873 1998 890 2024 2
917 2003 959 2024 ex
985 1999 1101 2025 senatu
1127 1998 1216 2024 esset
1243 1990 1372 2032 Kreyss.
1403 1990 1518 2032 (Gryn.
1546 2000 1587 2021 ex
1605 1989 1671 2022 SC.

274 2055 376 2094 esset)
417 2054 450 2092 2,
470 2058 482 2084 l
506 2052 784 2093 Interpunctionem
802 2050 966 2082 emendavi
984 2051 1033 2091 (ut
1049 2056 1154 2087 autea,
1176 2060 1221 2080 mc
1238 2054 1383 2085 monente,
1399 2049 1526 2090 fecerat
1543 2047 1673 2079 Βίεννα-

273 2111 410 2154 yaarcl).
452 2110 542 2143 Nam
567 2110 659 2152 vulyo
695 2110 739 2141 sic
769 2109 853 2141 locus
890 2108 1137 2140 describebatur:
1174 2113 1268 2138 esset.
1307 2106 1375 2137 Eos
1414 2123 1456 2128 —
1489 2106 1672 2137 iusserunt:

275 2175 307 2201 et
332 2179 398 2207 eos,
426 2169 482 2208 qui
511 2186 549 2191 -—
576 2168 748 2204 haberent,
775 2167 931 2198 censendi
958 2167 1007 2197 ius
1033 2165 1159 2197 factum
1186 2164 1319 2204 (Weism
1349 2165 1400 2195 ius
1426 2162 1587 2205 fluctum)
1613 2168 1671 2195 est.

276 2231 294 2258 2
323 2227 396 2258 caesi
412 2232 523 2258 essent
537 2235 672 2256 censere
693 2224 802 2267 {quib.
872 2228 891 2255 3
915 2224 1040 2255 rustica
1064 2233 1130 2264 prae
1146 2223 1248 2263 pluris
1273 2223 1426 2253 sestertia
1450 2232 1520 2252 xxx
1543 2221 1673 2252 milium

277 2288 296 2315 4
321 2285 485 2315 haberent
509 2283 667 2315 censendi
682 2282 753 2324 My.
781 2282 902 2314 Forma
927 2281 989 2313 loci
1011 2279 1188 2312 huiusmodi
1200 2281 1287 2321 fuit:
1319 2280 1499 2318 haberent3
1526 2279 1588 2318 his,
1615 2279 1672 2310 ubi

275 2343 407 2383 patroni
435 2346 656 2379 censerentur,
683 2341 840 2372 censendi
866 2341 917 2371 ius
943 2339 1067 2371 factum
1095 2344 1145 2371 est
1169 2339 1244 2380 (cfr.
1260 2338 1359 2369 Dz'on.
1379 2336 1466 2368 Cass.
1488 2335 1673 2374 XXXVI,

277 2399 323 2431 42
335 2412 359 2431 S.
376 2399 447 2439 25),
473 2406 528 2430 aut
540 2398 658 2430 similis.
686 2397 820 2439 Aliquid
848 2397 950 2429 deesse
976 2396 1013 2428 de
1038 2396 1104 2428 loco
1130 2395 1275 2427 censendi
1297 2396 1366 2427 lzuic
1389 2395 1496 2437 yeneri
1508 2393 1583 2426 dato
1600 2393 1673 2426 Cre-

277 2458 379 2489 verius
404 2457 560 2488 intellexit.
631 2456 665 2493 4,
696 2461 707 2487 l
736 2461 849 2497 posset
882 2455 988 2487 Drak.
1019 2456 1023 2497 Ι
1053 2455 1141 2495 quod
1168 2455 1193 2485 si
1219 2454 1301 2484 nihil
1362 2457 1380 2484 2
1418 2453 1547 2484 iuberet
1569 2452 1573 2491 Ι
1596 2452 1670 2483 trib.

278 2519 297 2546 3
324 2515 464 2555 eriperet
512 2514 543 2552 5,
571 2519 588 2545 2
617 2515 754 2545 urbanis
781 2515 949 2545 tribunam
974 2512 1120 2553 palmam
1174 2516 1193 2542 3
1219 2513 1252 2542 iu
1279 2521 1379 2551 quem
1404 2520 1520 2542 omnes
1545 2511 1580 2540 in
1604 2519 1672 2542 ser-

278 2573 418 2604 uitutem
444 2573 600 2604 seruisset
657 2572 689 2610 6,
716 2576 734 2603 2
761 2573 851 2604 titius
877 2571 1038 2612 gracchus
1064 2570 1160 2601 Frob.
1188 2569 1237 2600 11.
1270 2568 1389 2611 (Gryn.
1418 2569 1456 2600 T.
1484 2566 1672 2608 Gracchus)

280 2628 285 2669 l
315 2631 421 2662 omnis
469 2630 499 2663 7.
530 2634 542 2661 l
571 2640 628 2661 eas
654 2640 705 2662 res
