1753 2934
223 1374 243 1409 ΙΨ

339 137 412 172 204
677 134 777 164 Liber
801 132 926 163 XLIV.
984 133 1044 172 (A.
1065 143 1095 164 u.
1116 142 1143 164 c.
1165 134 1258 171 586.)

390 254 649 303 Amphipolim
668 266 751 290 cum
768 254 842 290 iam
861 253 963 290 fama
980 267 1115 303 pugnae
1134 255 1376 303 pervenisset,
1394 268 1674 304 concursusque

282 333 539 362 matronarum
577 325 612 360 in
639 324 818 372 templum
847 324 993 368 Dianae,
1029 337 1141 372 quam
1168 325 1418 373 Tauropolon
1443 333 1594 370 vocant,
1625 326 1674 362 ad

281 406 390 442 opem
408 394 686 442 exposcendam
703 395 819 437 fieret,
837 394 1043 438 Diodorus,
1061 395 1123 442 qui
1140 403 1300 443 praeerat
1318 395 1412 439 urbi,
1428 403 1612 440 metuenS,
1628 408 1676 433 ne

280 465 470 509 Thraces,
511 476 670 512 quorum
714 464 788 500 duo
819 464 921 500 milia
953 465 990 500 in
1020 465 1194 514 praesidio
1225 472 1350 510 erant,
1389 466 1519 502 urbem
1550 466 1586 501 in
1617 471 1676 502 tu·

279 534 397 570 multu
419 533 635 582 diriperent,
665 536 712 571 ab
734 535 941 571 subornato
963 535 1010 570 ab
1042 547 1082 571 se
1114 547 1181 583 per
1201 534 1392 571 fallaciam
1421 535 1460 571 in
1489 533 1678 570 tabellarii

277 604 439 652 speciem
470 604 615 641 litteras
645 605 681 640 in
719 604 802 641 foro
833 605 956 640 medio
994 605 1149 652 accepit.
1209 604 1398 652 Scriptum
1431 605 1469 641 in
1503 605 1549 640 iis
1582 611 1677 648 erat,

280 674 328 710 ad
348 674 567 710 Emathiam
598 674 756 710 classem
778 675 992 711 Romanam
1019 674 1217 722 adpulsam
1240 686 1333 720 csse,
1365 686 1555 723 agrosque
1575 673 1675 710 cirea

278 744 430 789 vexari3
462 757 572 780 orare
601 743 799 793 praefeetos
821 744 1019 789 Emathiae,
1050 750 1089 780 ut
1110 744 1323 793 praesidium
1353 745 1534 781 adversus
1555 756 1677 792 popu-

279 814 419 851 latores
450 815 585 851 mittat.
642 815 713 851 His
752 814 878 859 lectis,
914 815 1089 851 hortatur
1118 815 1310 859 'l‘hracas,
1349 822 1389 851 ut
1420 814 1469 850 ad
1498 814 1676 850 tuendam

278 884 465 921 Emathiae
495 897 601 921 oram
628 885 931 934 proficiscantur3
962 897 1139 932 magnam
1171 896 1236 920 eos
1260 884 1398 921 caedem
1421 884 1677 932 praedamque,

276 954 415 1002 palatis
450 955 591 1003 passim
634 969 702 1004 per
747 968 860 1003 agros
897 955 1099 999 Romanis,
1142 954 1322 991 facturos.
1393 954 1513 991 Simul
1553 954 1678 990 elevat

277 1024 419 1061 famam
451 1026 620 1062 adversae
645 1039 801 1075 pugnae,
840 1038 924 1074 quae
953 1026 984 1062 si
1015 1038 1106 1061 vera
1135 1024 1245 1069 soret,
1275 1024 1388 1062 alium
1420 1036 1533 1072 super
1562 1023 1677 1060 alium

277 1102 444 1131 recentes
475 1108 521 1132 ex
550 1096 642 1145 fuga
671 1103 850 1133 venturos
879 1095 1007 1132 fuisse.
1067 1096 1142 1132 l'er
1161 1095 1260 1131 hanc
1287 1107 1440 1131 causam
1463 1094 1678 1131 Thracibus

277 1165 482 1213 ablegatis,
526 1166 635 1202 simul
682 1174 938 1214 transgressos
988 1178 1052 1202 eos
1098 1165 1341 1214 Strymonem
1382 1165 1494 1207 vidit,
1545 1171 1678 1213 portas

277 1234 423 1270 clausit.

387 1304 518 1340 Tertio
559 1305 618 1341 die
653 1306 837 1349 Perseus,
877 1318 990 1353 quam
1029 1313 1238 1354 pugnatum
1272 1312 1374 1350 erat,
1416 1305 1677 1353 Amphipolim

278 1374 389 1410 venit.
448 1375 542 1410 Inde
575 1382 745 1411 oratores
775 1387 858 1411 cum
881 1376 1046 1411 caduceo
1078 1376 1127 1411 ad
1157 1374 1319 1411 Paulum
1351 1375 1463 1410 misit.
1522 1375 1677 1411 Interim

277 1445 440 1493 Hippias
479 1451 515 1481 et
546 1445 678 1481 Midon
716 1454 751 1482 et
786 1446 1052 1489 Pantauchus,
1090 1445 1279 1494 principes
1319 1445 1526 1481 amicorum
1564 1444 1676 1492 regis,

278 1515 475 1561 Beroeam,
507 1528 581 1563 qno
617 1528 664 1552 ex
694 1516 774 1552 acie
806 1515 1068 1564 confugerant,
1097 1515 1169 1563 ipsi
1200 1516 1248 1551 ad
1280 1515 1470 1552 consulem
1503 1514 1677 1564 profecti,

298 1587 461 1622 {omanis
492 1587 649 1631 dedunt3
689 1588 761 1623 hoc
791 1587 889 1622 idem
930 1593 966 1622 et
1003 1586 1086 1622 aliae
1118 1586 1294 1634 deinceps
1323 1586 1428 1622 urbes
1459 1591 1559 1622 metu
1590 1597 1675 1634 per—

278 1656 389 1692 culsae
419 1657 607 1705 parabant
637 1656 773 1693 facere.
826 1655 981 1699 Consul,
1012 1656 1149 1692 nuntiis
1180 1656 1346 1692 victoriae
1369 1656 1414 1703 Q.
1445 1656 1568 1692 Fabio
1599 1655 1676 1692 filio

278 1733 312 1762 et
350 1727 393 1763 L.
417 1727 578 1762 Lentulo
609 1734 644 1763 et
672 1727 716 1773 Q.
738 1727 893 1762 Metello
925 1739 1008 1763 cum
1039 1727 1171 1763 litteris
1193 1727 1355 1763 Romam
1388 1706 1522 1770 mis'sis,
1553 1725 1679 1773 spolia

278 1797 434 1833 iacentis
454 1797 618 1833 hostium
641 1797 827 1832 exercitus
850 1798 1036 1845 peditibus
1068 1788 1269 1840 concessit3
1300 1796 1487 1844 equitibus
1510 1796 1676 1844 praedam

279 1867 506 1903 circumiecti
546 1867 647 1915 agri,
689 1867 776 1903 dum
817 1881 864 1904 ne
904 1868 1065 1916 amplius
1103 1868 1250 1904 duabus
1287 1866 1460 1903 noctibus
1491 1878 1515 1901 a
1544 1864 1678 1901 castris

279 1939 464 1974 abessent.
525 1938 613 1986 lpse
634 1938 789 1986 propius
811 1950 915 1973 mare
935 1938 983 1973 ad
1006 1938 1179 1986 Pydnam
1205 1944 1330 1975 castra
1352 1936 1481 1974 movit.
1540 1935 1680 1971 Beroea

280 2008 454 2056 primum,
486 2008 619 2043 deinde
647 2008 921 2044 Thessalonica
953 2015 988 2044 et.
1008 2008 1115 2045 Pella
1147 2015 1181 2045 et
1211 2009 1386 2057 deinceps
1420 2006 1541 2044 omnis
1562 2005 1681 2042 ferme

281 2241 313 2278 4,
345 2245 355 2272 l
386 2241 580 2283 ampipolim
635 2244 653 2271 2
681 2251 777 2280 quem
803 2240 1001 2281 lauropolon
1066 2243 1084 2270 3
1111 2239 1204 2271 fleret
1226 2240 1230 2280 Ι
1252 2245 1382 2280 preerat
1448 2243 1466 2269 4
1506 2244 1613 2269 traces
1663 2240 1680 2268 5

282 2299 462 2340 diriperent
500 2305 556 2330 aut
597 2299 779 2330 subornato
814 2299 817 2338 Ι
852 2298 1004 2329 tabellari
1089 2297 1127 2336 6,
1175 2302 1183 2328 1
1229 2303 1355 2329 ortatui·
1396 2304 1503 2328 tracas
1567 2299 1586 2327 3
1627 2305 1680 2326 ro-

283 2358 373 2388 mani
441 2356 471 2395 7,
499 2361 517 2387 2
544 2357 685 2387 aduersa
763 2356 794 2396 8,
827 2360 837 2387 l
870 2357 1014 2387 trucibus
1062 2359 1080 2386 2
1109 2362 1352 2396 costrymonem
1465 2354 1572 2392 XLV,
1601 2353 1632 2390 1,
1664 2356 1675 2383 1

284 2415 477 2456 ampipolim
527 2415 558 2453 2,
581 2418 598 2444 2
625 2415 832 2455 panthaucus
888 2418 906 2445 3
927 2424 1073 2444 ueroeam
1121 2418 1139 2444 4
1162 2413 1305 2444 romanis
1331 2423 1364 2444 se
1387 2413 1512 2444 dedunt
1529 2409 1678 2452 (Kreyss.

282 2473 402 2503 Beroea
439 2490 477 2495 —-
511 2472 650 2514 profecti
680 2490 719 2494 —
746 2481 780 2503 se
806 2472 948 2509 dedunt)
971 2473 975 2511 Ι
999 2472 1152 2512 deinceps
1178 2478 1265 2502 metu
1302 2471 1399 2502 (1'7‘071.
1428 2469 1516 2511 (Alii
1537 2480 1574 2500 ex
1599 2469 1680 2500 eius·

284 2530 350 2561 dem
383 2531 559 2562 coniectura
593 2531 648 2562 alii
684 2548 724 2553 ——
757 2530 914 2572 perculsi)
978 2529 1009 2566 3,
1037 2533 1055 2560 2
1083 2530 1176 2560 missi
1203 2529 1308 2570 spolia
1377 2528 1408 2566 5,
1441 2531 1452 2558 l
1490 2537 1602 2559 ueroea
1662 2530 1681 2557 2

283 2588 482 2620 tessalonica
