1742 2902
444 142 546 173 Liber
570 140 682 172 xtn.
733 141 794 180 (A.
825 140 903 172 chr.
936 142 1029 182 172.)
1339 147 1386 181 57

772 225 790 241 Χ

31 269 196 306 Romam
242 271 437 302 venerunt.
508 265 680 312 Quorum
727 265 852 300 oratio
896 264 986 309 fuit,
1031 276 1158 313 regem
1205 265 1443 302 educendum

0 340 1 344 ’
31 337 148 374 filium
177 337 338 372 Romam
371 335 530 378 misisse,
564 341 604 370 ut
634 334 710 370 iam
742 333 830 369 inde
857 347 879 369 a
906 347 1025 382 puero
1057 335 1299 372 adsuesceret
1329 336 1444 372 mori-

32 408 102 444 bus
133 406 317 443 Romanis
339 405 645 452 hominibusque.
689 404 840 446 Petere.
871 411 912 439 ut
942 417 1026 439 eum
1048 417 1123 440 non
1154 406 1224 441 snb
1251 406 1443 454 hospitum

32 475 146 513 modo
178 474 415 523 privatorum
456 475 653 516 custodia,
694 473 761 509 sed
802 473 964 521 publieae
994 474 1107 509 etiam
1140 487 1239 511 eurae
1267 488 1311 511 ac
1341 476 1445 512 velut

30 544 155 581 tutelae
198 544 339 580 vellent
380 556 475 582 esse.
549 543 716 592 Egregie
758 556 803 580 ca
842 543 981 591 legatio
1018 550 1130 591 grata
1175 547 1322 581 senatui
1360 545 1443 583 fuit.

30 614 314 659 Decreverunt,
357 620 398 650 ut
428 613 498 651 Cn.
532 614 696 650 Sicinius
735 621 876 662 praetor
915 613 1014 650 aedes
1051 614 1255 650 instructas
1288 615 1444 660 locaret,

0 683 92 720 *ubi
137 684 235 719 filius
280 684 380 732 regis
425 684 660 732 comitesque
698 683 777 719 eius
819 683 995 719 habitare
1034 690 1137 719 recte
1167 692 1334 732 possent.
1394 686 1446 722 Et

0 781 1 793 ,
29 753 222 790 Threcum
260 754 416 801 legatis,
447 754 594 799 Maedis,
625 754 933 800 Odomantisque
963 762 1000 790 et
1029 754 1189 802 Sz1paeiS‚
1220 755 1443 792 societatem

28 823 311 870 amicitiamque
341 824 557 871 petentibus
588 831 636 868 et,
669 824 771 871 quod
803 824 995 871 petebant,
1029 824 1160 860 datum
1192 831 1260 868 est,
1292 831 1329 860 et
1360 838 1443 861 mu-

28 904 120 928 nera
151 893 270 929 binum
300 893 443 929 milium
469 893 553 929 aeris
580 905 738 929 summae
765 893 800 928 in
825 893 996 940 singulos
1023 894 1149 929 missa.
1196 894 1282 930 Hos
1313 895 1444 942 utique

0 947 1 955 ἵ
26 962 202 1011 populos,
233 963 335 1010 quod
367 964 415 998 ab
446 969 554 1011 tergo
586 963 824 999 Macedoniae
855 963 1023 999 Threcia
1054 969 1176 1007 esset,
1218 964 1443 1012 adsumptos

25 1031 62 1068 in
104 1033 326 1068 societatem
367 1034 600 1081 gaudebant.
673 1032 750 1070 Sed
785 1039 824 1068 ut
860 1032 897 1067 in
928 1033 1028 1069 Asia
1060 1045 1214 1080 quoque
1244 1041 1279 1069 et
1310 1034 1443 1070 insulis

26 1102 228 1150 explorata
261 1103 389 1139 omnia
420 1110 557 1147 essent,
588 1102 650 1140 Ti.
673 1100 874 1138 Claudium
896 1103 1104 1145 Neronem,
1135 1103 1190 1142 Μ,
1224 1103 1442 1139 Decimium

24 1170 172 1220 legatos
212 1173 408 1212 miserunt.
480 1173 601 1210 Adire
638 1184 704 1208 eos
741 1171 897 1208 Cretam
939 1179 975 1208 et
1016 1173 1196 1209 Rhodum
1237 1173 1441 1218 iusserunt,

24 1241 136 1278 simul
166 1256 354 1279 renovare
380 1243 602 1288 amic-itiam,
626 1242 738 1278 simul
761 1242 964 1291 speculari,
994 1255 1082 1279 num
1106 1243 1299 1279 sollicitati
1325 1242 1442 1278 animi

0 1301 214 1356 &ociorum
247 1314 296 1349 ab
327 1325 417 1361 rege
446 1314 591 1350 Perseo
623 1319 761 1350 essent.

133 1383 179 1419 In
205 1395 392 1431 suspensa
414 1383 568 1419 civitate
595 1383 644 1418 ad
671 1382 975 1430 expectationem
1001 1382 1091 1418 novi
1119 1382 1220 1426 belli,
1252 1389 1440 1418 nocturna

23 1457 250 1500 tempestate
269 1453 447 1489 columna
472 1459 640 1489 rostrata
663 1452 700 1487 in
723 1451 916 1500 Capitolio
947 1451 1047 1487 bello
1074 1452 1223 1488 Punico
1243 1453 1264 1474 ³¹⁵
1282 1453 1304 1474 *
1323 1463 1440 1496 cons„

24 1523 84 1559 cui
116 1523 265 1571 collega
298 1523 381 1560 Ser.
414 1522 574 1558 Fulvius
605 1521 694 1565 fuit,
738 1528 819 1557 tota
853 1522 900 1557 ad
931 1522 1047 1557 imum
1079 1521 1238 1558 fulmine
1268 1522 1442 1557 discussa

23 1599 90 1628 est.
150 1592 209 1629 Ea
238 1605 311 1636 res,
343 1592 507 1640 prodigii
538 1592 623 1627 loeo
653 1592 797 1635 habita,
829 1592 878 1627 ad
907 1599 1079 1627 senatum
1110 1591 1234 1627 relata
1265 1599 1332 1629 est.
1362 1592 1440 1627 Pa-

21 1669 98 1699 tres
132 1669 169 1698 et
197 1663 251 1698 ad
278 1662 500 1710 haruspices
536 1661 670 1697 referri
712 1650 749 1698 et
784 1661 1022 1697 decemviros
1062 1661 1169 1696 adire
1205 1661 1323 1697 libros
1363 1660 1439 1696 ius-

23 1739 163 1769 serunt.
222 1731 441 1768 Decemviri
473 1731 710 1767 lustrandum
743 1731 946 1779 oppidum,
980 1731 1296 1780 supplicationem
1329 1732 1440 1766 obse-

23 1795 308 1849 crationemque
346 1800 584 1846 habendam,
623 1801 788 1837 victimis
827 1802 1036 1838 maioribus
1077 1802 1369 1838 sacrificandum
1403 1806 1441 1836 et

22 1956 54 1997 4,
84 1963 97 1991 1
130 1959 229 2002 Gryn.
260 1960 475 1990 educandum
537 1957 568 1996 5,
596 1962 615 1989 3
641 1959 746 1989 tutele
812 1958 843 1995 6,
874 1962 886 1988 1
929 1963 962 1989 et
991 1967 1106 1997 regem
1144 1963 1177 1988 et
1210 1957 1337 1995 legatio
1367 1955 1438 1997 My.

22 2015 94 2048 Em.
121 2017 201 2049 517.
230 2016 351 2059 (Gryn.
380 2017 430 2047 Ea
457 2016 545 2055 regis
571 2016 656 2055 leg.)
720 2020 738 2046 2
777 2016 858 2047 aedis
884 2015 964 2046 Post
988 2016 1068 2045 aedis
1096 2016 1275 2046 instructas
1303 2014 1440 2054 spatium

23 2084 153 2106 vacuum
180 2081 225 2106 est
243 2074 288 2105 13
308 2074 479 2105 litterarum
502 2072 549 2104 ad
568 2073 664 2113 finem
691 2084 798 2104 versus
822 2073 888 2103 sine
914 2072 979 2103 ulla
1005 2083 1133 2103 rasura.
1169 2076 1188 2102 3
1211 2072 1363 2102 habitare
1385 2080 1440 2102 rec

23 2140 159 2173 possent
174 2132 246 2174 My.
261 2132 382 2174 (Gryn.
399 2132 554 2163 habitare
568 2132 726 2172 possent)
750 2131 754 2170 Ι
777 2136 903 2161 trecum
931 2129 1051 2172 (Gy-yn.
1069 2130 1258 2167 Thracum)
1309 2133 1329 2159 4
1344 2129 1440 2168 lega-

23 2189 65 2220 tis
80 2191 389 2231 sediseepnatisque
408 2196 441 2221 et
461 2190 542 2221 satis
561 2190 756 2220 societatem
779 2188 890 2220 PVee'ss.
925 2187 1057 2222 (Maedis
1071 2185 1247 2227 Caenisque
1266 2192 1297 2217 et
1318 2187 1439 2224 Astiis)

24 2251 53 2277 et
64 2245 135 2288 My.
162 2247 282 2289 (Gryn.
311 2248 429 2287 legatis
455 2248 546 2288 apud
572 2256 606 2278 se
634 2246 900 2286 disceptantibus
927 2251 957 2275 et
984 2245 1198 2281 societatem)
1251 2247 1268 2274 5
1298 2253 1440 2274 munera

24 2303 165 2335 militum
184 2305 258 2335 aeris
285 2306 444 2343 (summae
465 2310 576 2335 contra
593 2301 847 2334 consuetudinem
867 2301 958 2332 Livii
974 2300 1058 2332 addi
1073 2300 1162 2331 Duk.
1184 2299 1438 2336 animadvertit.)

25 2357 58 2400 7,
71 2364 90 2390 2
104 2362 227 2391 traeeiae
243 2360 358 2403 (Gryn.
378 2362 539 2401 Thracia)
567 2366 587 2392 4
603 2366 626 2392 t.
644 2361 814 2391 claudium
830 2357 941 2400 Siyon.
972 2358 1005 2395 8,
1020 2362 1031 2389 l
1051 2365 1083 2388 et
1097 2358 1251 2389 rhodium
1280 2358 1360 2394 XX,
1372 2358 1403 2395 1,
1419 2361 1439 2388 2

24 2419 233 2458 tempestatei
267 2419 425 2450 columna
454 2424 623 2460 prostrata
645 2422 650 2458 1
672 2418 797 2458 punico
831 2426 925 2447 cons.
961 2416 1013 2446 cui
1050 2414 1196 2456 (Scripta
1211 2416 1350 2456 fuerant
1362 2416 1440 2456 fere

24 2483 107 2516 hoec:
140 2469 232 2517 bello
258 2486 390 2519 Punico
422 2488 533 2528 priore
554 2487 667 2528 posita
692 2487 735 2517 ob
761 2485 935 2516 victoriam
963 2484 1010 2516 M.
1042 2483 1158 2514 AEmili
1183 2484 1350 2520 consulis,
1385 2483 1438 2514 cui

25 2541 170 2583 collega)
240 2543 273 2582 2,
305 2548 317 2575 l
346 2545 479 2586 prodigi
530 2549 548 2575 2
576 2550 608 2575 et
633 2544 833 2584 haruspices
860 2541 984 2572 referre
1011 2541 1083 2582 My.
1109 2540 1193 2581 (Cfr.
1222 2553 1248 2573 c.
1276 2541 1335 2576 23,
1361 2540 1386 2571 3
1411 2546 1441 2571 et

24 2596 81 2636 24,
115 2600 137 2630 5
161 2606 191 2631 et
214 2600 271 2639 25,
297 2596 346 2632 4.³
366 2600 464 2643 Gryn.
492 2606 604 2642 patres
638 2601 681 2631 ad
713 2601 746 2632 h.
769 2599 908 2639 referre)
968 2598 1000 2637 3,
1028 2602 1047 2629 2
1074 2599 1281 2631 uictissimus
1307 2598 1440 2639 oppidis

24 2656 208 2688 maioribus

1473 1589 1494 1624 [0

1499 1373 1554 1418 20
