1753 2934
479 143 580 174 Liber
595 142 719 173 xmv.
747 144 808 179 (A.
829 140 908 173 Chr.
933 145 1024 181 108.)
1321 142 1397 177 203

55 269 119 305 ubi
150 269 276 317 plurcs
307 268 464 303 diversa:
492 268 633 304 semitae
663 275 791 309 orant,
826 276 858 301 ct
892 278 967 301 nox
999 263 1341 313 adpropinquabat,
1371 274 1453 298 cuni

56 338 258 387 perpaucis
280 337 444 374 maxime
470 338 551 374 fidis
580 337 643 373 via
663 336 834 373 devertit.
891 335 1063 383 Equites,
1092 335 1171 370 sinc
1201 334 1294 370 duce
1323 332 1454 376 relicti,

58 408 123 444 alii
161 407 237 444 alia
267 407 302 443 in
333 407 503 444 civitates
538 420 627 443 suas
664 406 798 454 dilapsi
839 413 942 448 sunt3
978 404 1157 453 perpauci
1194 404 1279 440 inde
1310 402 1455 440 Pellam

56 478 215 514 celerius
245 489 357 524 quam
389 477 469 524 ipse
499 478 673 519 Perseus,
714 477 803 524 quia
833 483 935 512 recta
965 481 997 510 et
1025 474 1200 522 expedita
1231 473 1294 509 via
1323 472 1455 515 ierant,

57 554 320 595 pervenerunt.
378 547 463 583 Rex
503 547 551 582 ad
590 547 751 583 mediam
783 546 901 582 ferme
932 553 1080 580 noctem
1115 556 1242 580 errore
1273 549 1308 578 et
1340 541 1455 577 variis

57 615 342 652 difficultatibus
383 615 453 652 viae
488 624 648 652 vexatus
690 623 751 652 est.
810 616 856 652 In
886 615 993 663 regia
1022 623 1153 650 maesta
1184 614 1338 653 Perseo,
1391 611 1454 659 qui

57 685 174 722 Pellae
203 695 410 734 praeerant,
438 686 589 722 Eulaeus
609 687 829 734 Euctusque
849 692 882 721 et
912 684 1005 733 regii
1035 684 1141 733 puori
1172 692 1309 732 praesto
1338 690 1456 718 erant.

56 754 202 791 Contra
241 770 287 792 ea
317 756 546 799 amicorum,
585 757 667 805 qui,
707 756 771 792 alii
811 756 885 792 alio
917 767 1006 791 casu
1037 753 1200 797 servati,
1241 766 1288 789 ex
1324 751 1457 800 proelio

54 825 202 861 Pellam
244 832 447 870 venerant,
488 838 570 862 cum
608 839 709 875 saepe
748 824 918 863 arcessiti
957 832 1102 867 essent,
1141 835 1251 859 nemo
1292 822 1340 858 ad
1373 833 1456 857 eum

1487 333 1508 367 Εὐ

54 895 169 931 venit.
237 895 335 931 Tres
375 904 484 932 erant
527 903 671 932 tantum
716 909 799 932 cum
841 909 885 931 eo
923 895 1023 943 fugae
1061 894 1236 936 comites,
1277 891 1458 928 Euander
1490 895 1510 928 6

55 962 258 1009 Cretensis,
288 965 374 1001 Neo
400 966 557 1002 Boeotus
594 973 630 1002 et
653 967 911 1003 Archidamus
939 965 1108 1002 JEtolus.
1167 961 1263 1000 Cum
1294 962 1351 1006 iis,
1381 961 1457 996 iam

54 1042 244 1079 metuens,
283 1047 350 1080 ne,
390 1036 453 1084 qui
484 1037 611 1072 venire
643 1037 691 1072 ad
720 1049 761 1072 se
790 1037 1011 1077 abnuerent,
1043 1034 1162 1070 maius
1194 1031 1337 1080 aliquid
1368 1043 1457 1066 mox

54 1104 255 1150 auderent,
295 1113 431 1153 quarta
461 1106 592 1154 vigilia
621 1106 800 1155 profugit.
859 1106 987 1143 Secuti
1018 1118 1102 1141 euni
1132 1111 1218 1139 sunt
1249 1102 1452 1139 admodum

55 1173 249 1222 quingenti
279 1174 491 1212 Cretenses.
551 1177 715 1213 Petebat
744 1176 1024 1225 Amphipolim3
1055 1175 1122 1211 sed
1155 1181 1266 1209 nocte
1296 1185 1318 1208 a
1349 1171 1457 1208 Pella

52 1244 217 1288 exierat,
253 1257 464 1293 properans
504 1254 591 1282 ante
631 1247 751 1283 lucem
782 1246 926 1283 Axium
969 1258 1117 1282 amnem
1152 1244 1332 1286 traicere,
1372 1254 1456 1277 cum

51 1314 163 1350 finem
193 1316 375 1363 sequendi
415 1323 572 1364 propter
608 1316 867 1353 difficultatem
909 1316 1088 1352 transitus
1127 1314 1210 1350 fore
1240 1322 1344 1349 ratus
1380 1312 1456 1348 Ro-

53 1384 184 1422 manis,

167 1453 390 1499 Consulem,
421 1468 504 1491 euni
536 1468 576 1492 se
606 1456 643 1491 in
674 1463 800 1492 castra
831 1455 952 1492 victor
981 1455 1204 1503 recepisset,
1235 1466 1282 1489 ne
1310 1452 1457 1488 sincero

54 1524 196 1572 gaudio
225 1525 435 1570 frueretur,
475 1539 566 1563 cura
596 1527 642 1562 de
672 1526 817 1562 minore
845 1526 923 1562 filio
957 1525 1189 1561 stimulabat.
1253 1525 1298 1560 P.
1331 1522 1459 1570 Scipio

52 1594 85 1630 is
122 1601 223 1639 erat,
274 1595 460 1631 naturalis
501 1596 613 1632 Pauli
665 1596 829 1632 consulis
861 1597 984 1642 filius,
1043 1595 1248 1643 adoptione
1286 1592 1461 1630 Africani

54 1676 186 1712 nepos,
215 1664 423 1700 Africanus
453 1672 489 1700 et
517 1665 598 1713 ipse
627 1674 773 1714 postea,
804 1666 928 1702 deleta
957 1664 1201 1713 Carthagine,
1234 1662 1459 1712 appellatus.

54 1733 94 1769 Is
123 1742 337 1782 septumum
369 1734 566 1771 decumum
602 1742 690 1772 tunc
719 1749 858 1772 annum
891 1748 1020 1784 agens,
1052 1736 1153 1784 quod
1183 1734 1306 1782 ipsum
1330 1745 1459 1769 curam

55 1804 233 1852 augebat,
273 1804 362 1840 dum
393 1804 511 1841 effuse
549 1806 718 1853 sequitur
758 1807 908 1851 hostes,
947 1806 985 1841 in
1025 1814 1171 1858 partem
1204 1803 1318 1840 aliam
1349 1803 1461 1839 turba

56 1873 206 1909 ablatus
252 1881 345 1919 erat,
388 1883 424 1910 et
467 1875 586 1911 serius
630 1888 713 1912 cum
744 1876 919 1920 redisset,
965 1884 1052 1911 tune
1091 1875 1261 1919 demum,
1307 1880 1459 1920 recepto

58 1939 202 1987 sospite
230 1939 320 1984 filio,
352 1941 520 1977 victoriae
543 1948 656 1977 tantae
677 1942 856 1990 gaudium
879 1942 1010 1978 consul
1031 1941 1159 1979 sensit.

56 2103 75 2130 3
102 2099 216 2141 fidos}
243 2100 340 2141 (ir-yn.
369 2099 505 2130 diuertit
553 2099 584 2137 3,
605 2104 622 2129 2
645 2099 759 2129 alialia
781 2099 786 2138 Ι
807 2099 875 2129 inte
934 2103 953 2130 3
979 2106 1069 2129 rccta
1087 2100 1243 2139 expedita
1272 2097 1369 2129 Gron.
1426 2097 1458 2134 4,

59 2171 73 2199 1
110 2174 234 2199 terrore
281 2168 387 2200 ltr'eiss.
465 2172 482 2198 2
509 2173 545 2203 ⁴et
577 2168 615 2206 5,
645 2172 657 2198 l
697 2167 952 2199 difficultatibus
979 2158 1081 2199 uide&
1106 2174 1247 2198 uexatus
1271 2168 1305 2197 in
1332 2167 1458 2206 regiam

55 2232 106 2257 est
130 2236 151 2256 a
175 2235 293 2267 perseo
322 2225 395 2267 My.
422 2225 495 2256 Em.
523 2224 594 2256 509
626 2224 745 2267 (Gryn.
773 2227 833 2257 viae
859 2234 998 2256 vexatus
1029 2232 1089 2257 est.
1136 2225 1175 2256 In
1200 2226 1294 2266 regia
1318 2224 1460 2264 Perseo)

54 2294 86 2333 5,
113 2298 131 2326 2
158 2283 268 2336 piellae
281 2301 448 2336 praeerant
467 2300 670 2334 coactusque
690 2295 756 2334 regi
775 2295 870 2336 pueri
899 2294 1006 2327 Weiss.
1026 2305 1041 2325 e
1054 2293 1265 2326 Fluafflmil.
1279 2293 1458 2336 23gGryn.

55 2371 196 2406 praeerat
212 2365 340 2396 Euctus
355 2364 503 2404 regiique
517 2364 564 2404 p.)
597 2367 616 2394 3
636 2363 752 2394 alialio
792 2363 823 2399 6,
846 2367 858 2394 1
876 2364 967 2394 uenit
984 2373 1036 2394 res
1059 2370 1152 2394 erant
1188 2367 1207 2394 2
1227 2363 1386 2395 cretensis
1405 2350 1456 2393 cii.

56 2421 231 2454 euboetius
246 2420 355 2463 Siyon.
376 2420 496 2463 (Gryn.
509 2421 608 2452 Neon
625 2421 782 2460 Boetius)
800 2419 804 2460 Ι
820 2428 852 2452 et
871 2420 1089 2452 dubitationem
1105 2421 1205 2453 habet.
1250 2408 1284 2459 „7'
1306 2425 1318 2452 l
1340 2431 1414 2452 cum
1431 2421 1458 2451 is

55 2490 240 2522 iametuens
288 2490 319 2528 8,
350 2494 362 2521 l
392 2478 540 2522 adsecuti
563 2490 568 2529 Ι
590 2491 773 2521 admodum
800 2480 819 2520 a
845 2498 1011 2522 cretenses
1070 2494 1088 2521 2
1117 2491 1276 2532 ampipoli
1311 2493 1314 2531 Ι
1348 2477 1457 2531 pellae

55 2551 76 2579 3
103 2549 212 2580 asium
261 2548 387 2586 XLIV,
402 2549 433 2586 1,
449 2552 467 2579 2
484 2548 633 2579 fruerent
657 2558 736 2579 cura
783 2547 815 2586 ⁸2,
834 2552 852 2578 2
866 2552 926 2579 et3
941 2555 1011 2579 erat
1036 2548 1204 2579 africanus
1230 2572 1237 2579 .
1255 2573 1262 2580 .
1281 2573 1288 2580 .
1306 2572 1314 2579 .
1342 2549 1457 2590 appel-

55 2605 143 2637 latus
176 2606 338 2637 naturalis
373 2606 522 2637 consulis
558 2605 649 2647 pauli
684 2605 834 2636 consulis
867 2606 1050 2647 adoptione
1087 2606 1225 2637 africani
1252 2616 1358 2647 nepos
1384 2605 1456 2647 le.

53 2662 127 2695 Em.
142 2662 233 2703 590;
251 2663 338 2695 filius
363 2662 441 2695 add.
469 2663 558 2694 Duk.
601 2667 620 2694 3
639 2663 769 2694 delecta
795 2664 963 2704 cartagine
1004 2663 1035 2704 3,
1055 2666 1074 2694 2
1093 2664 1241 2694 audebat
1281 2669 1301 2694 4
1326 2664 1458 2704 hospite

1487 1103 1507 1138 03

1492 1522 1513 1556 w

1493 1733 1513 1767 3
