1753 2934
491 140 589 172 Liber
613 137 737 169 XLIV.
790 138 853 178 (A.
882 135 959 168 Chr.
990 138 1083 173 168.)
1356 136 1426 170 195

96 278 161 302 nes
192 266 459 314 adprobante&
488 276 570 299 cum
603 269 854 311 pugnaturum
887 261 1076 297 consulem
1109 260 1330 297 credebant:
1364 270 1484 304 nequo.

97 337 194 372 enim
226 349 272 372 ne
302 337 358 371 his
389 335 528 382 quidem
559 333 831 369 cunctationem
865 339 1064 379 aperuerat
1096 343 1215 366 suam.
1261 331 1371 366 Tunc
1405 342 1484 365 mu·
1516 328 1537 363 9

99 407 240 442 tatione
270 405 413 441 consilii
446 404 569 439 subita
599 416 681 439 cum
714 403 775 438 alii
809 402 981 439 silerent.
1023 402 1166 438 Nasica
1206 413 1299 437 unns
1329 414 1375 437 cx
1407 414 1487 437 om-

95 477 208 512 -nibus
253 487 366 511 ausus
410 481 463 510 est
509 487 660 509 monere
703 472 913 509 consulem.
958 485 1004 507 ne
1049 472 1213 507 hostem.
1258 471 1486 507 ludificatum

93 547 243 593 priores
294 545 563 593 imperatores.
598 543 776 591 fugiendo
831 548 1020 579 certamen
1074 541 1247 576 manibus
1292 542 1488 580 emitteret.

99 615 254 657 Vereri,
284 627 350 657 ηε,
388 616 420 650 si
450 621 558 650 nocte
590 615 718 650 abeat.
749 612 961 660 sequendus
992 612 1159 647 maximo
1190 611 1320 647 labore
1351 624 1395 647 ac
1425 625 1489 660 pe·
1528 609 1570 642 1ἢ

96 685 217 721 riculo
247 685 284 721 in
315 686 446 720 intima
475 684 710 720 Macedoniae
739 684 811 721 sit.
842 689 1046 730 aestasque,
1078 681 1173 716 sicut
1202 682 1390 729 prioribus
1424 682 1491 718 ‹lu-

97 755 224 797 cibus,
262 768 330 803 per
368 756 481 791 calles
510 755 703 802 saltusque
733 753 1066 790 Macedonicorum
1099 751 1278 787 montium
1315 752 1491 799 vagando

100 824 390 872 circumagatur.
455 823 504 861 Se
535 836 765 871 magnopere
795 823 966 861 suadere,
997 823 1082 858 dum
1117 822 1151 857 in
1184 834 1319 869 campo
1350 822 1491 869 patenti
1530 820 1565 853 ll

98 896 246 931 hostem
277 895 438 937 habeat,
469 895 713 942 adgrediatur
741 905 808 929 nec
838 892 1006 929 oblatam
1054 892 1289 928 occasionem
1321 892 1493 927 vincendi

94 965 262 1000 amittat.
332 963 497 1001 Consul.
540 965 630 1000 nihil
661 963 826 999 offensus
856 962 976 998 libera
1009 962 1265 998 admonitione
1295 969 1371 997 tam
1404 962 1494 997 clari
1531 959 1575 992 1‘2

101 1035 373 1075 adulescentis,
420 1035 495 1077 „Et
519 1039 613 1083 eg0“
647 1034 765 1082 inquit
799 1033 989 1073 ..animum
1021 1033 1132 1068 istum
1162 1032 1297 1069 habui,
1338 1032 1495 1068 Nasica.

99 1117 213 1152 quem
246 1112 283 1140 tu
317 1117 414 1141 nunc
445 1106 574 1144 habes,
612 1112 658 1141 et.
699 1116 808 1151 quem
841 1115 911 1151 ego
947 1115 1045 1138 nunc
1076 1103 1212 1141 habeo.
1255 1109 1293 1137 tu
1328 1101 1496 1138 habebis.

103 1177 234 1213 Multis
263 1176 350 1212 belli
381 1175 529 1210 casibus
567 1174 696 1215 didici,
741 1173 894 1221 quando
931 1172 1194 1221 pugnandum,
1225 1172 1377 1219 quando
1411 1172 1498 1208 abs·
1533 1171 1578 1204 12'»

101 1246 295 1282 tinendum
327 1257 454 1294 pugna
484 1245 544 1282 sit.
624 1244 713 1280 Non
744 1256 868 1292 operae
898 1250 953 1279 est
983 1242 1097 1279 stanti
1127 1254 1225 1277 nunc
1253 1242 1290 1278 in
1322 1242 1401 1278 acie
1431 1242 1498 1278 do-

102 1329 208 1361 cere,
254 1316 389 1364 quibus
434 1316 479 1352 de
525 1314 648 1352 causis
692 1314 804 1350 hodie
844 1313 991 1361 quiesse
1029 1312 1162 1348 melius
1192 1312 1252 1349 sit.
1317 1312 1500 1349 Rationes

105 1386 201 1422 alias
228 1387 437 1434 reposcito3
478 1398 576 1421 nune
607 1384 831 1421 auctoritate
865 1383 1002 1419 veteris
1029 1382 1269 1431 imperatoris
1303 1388 1500 1418 contentus

100 1457 216 1492 eris.“
284 1455 472 1493 Conticuit
494 1455 732 1495 adulescens:
762 1453 992 1491 hauddubie
1023 1453 1150 1488 videre
1180 1452 1309 1500 aliqua
1338 1452 1499 1500 impedi·
1535 1447 1578 1481 ¹4

106 1533 234 1563 menta
262 1539 398 1575 pugnae
428 1526 633 1562 consulem.
663 1537 746 1572 quae
775 1524 845 1560 sibi
875 1536 950 1560 non
981 1528 1220 1572 apparerent.

218 1597 383 1639 Paulus,
419 1602 622 1644 postquam
661 1601 805 1631 metata
839 1601 965 1630 castra
994 1593 1340 1642 impedimentaque
1371 1591 1499 1627 conlo·
1558 1581 1609 1627 37

101 1672 194 1704 *cata
224 1666 511 1709 animadvertit,
553 1678 599 1700 ex
629 1672 820 1713 postrema
850 1665 930 1700 acie
959 1664 1110 1700 triarios
1140 1664 1283 1712 primos
1317 1661 1503 1703 subducit,

101 1736 242 1773 <deinde
271 1736 471 1785 principes,
501 1735 687 1771 stantibus
715 1734 753 1770 in
783 1734 906 1783 prima
936 1734 1017 1770 acie
1045 1734 1218 1772 hastatis,
1250 1733 1280 1769 si
1312 1732 1402 1780 quid
1431 1732 1503 1767 ho·
1534 1727 1556 1764 2

108 1807 176 1842 stis
207 1813 387 1849 moveret,
420 1811 612 1854 postremo
634 1806 818 1844 hastatos,
846 1805 894 1840 ab
924 1804 1059 1840 dextro
1090 1803 1250 1852 primum
1283 1814 1398 1839 cornu
1430 1801 1506 1837 sin—

110 1877 284 1925 gulorum
326 1875 508 1924 paulatim
545 1875 737 1923 signorum
775 1875 911 1910 milites
946 1874 1182 1911 subtrahens.
1246 1874 1308 1910 Ita
1347 1872 1506 1920 pedites,
1539 1869 1559 1904 3

113 1949 302 1997 equitibus
341 1959 424 1983 cum
463 1946 537 1982 levi
569 1952 762 1981 armatura
792 1950 878 1980 ante
907 1944 1025 1980 aciem
1057 1944 1155 1980 hosti
1191 1942 1394 1991 oppositis,
1429 1942 1509 1977 sine

111 2019 274 2055 tumultu
306 2017 479 2060 abducti;
527 2027 595 2052 nec
628 2021 735 2056 ante,
777 2026 890 2062 quam
921 2013 1043 2061 prima
1073 2012 1177 2050 frons
1209 2012 1298 2048 valli
1329 2025 1373 2048 ac
1402 2011 1508 2048 fossa

112 2195 239 2229 8.4ne
264 2194 315 2225 his
342 2193 585 2224 cunctationem
606 2188 693 2221 Crev.
737 2189 768 2227 9,
800 2192 810 2219 l
841 2188 1061 2219 mutationem
1110 2190 1128 2217 2
1158 2195 1233 2217 cum
1261 2186 1334 2216 aliis
1360 2186 1446 2216 irent
1490 2189 1509 2216 3

115 2263 157 2284 ne
182 2253 313 2283 hostem
349 2251 481 2292 quidem
511 2248 599 2280 Crev.
633 2246 636 2288 Ι
669 2247 858 2278 ludificat-us
888 2246 984 2277 Gron.
1036 2248 1055 2274 4
1090 2245 1241 2274 emittere
1270 2244 1366 2275 Gron.
1395 2244 1510 2285 (Gryn.

116 2320 157 2341 ne
181 2310 312 2341 hostem
337 2309 469 2349 quidem
494 2307 683 2338 ludificatos
708 2305 834 2346 priores
861 2304 1087 2343 imperatores.
1115 2301 1185 2341 sug.
1213 2311 1241 2332 c.
1270 2311 1313 2332 m.
1342 2302 1512 2342 emittere)

115 2368 173 2406 10,
202 2371 215 2398 1
245 2377 286 2398 ne
310 2372 406 2397 nocte
418 2365 547 2407 Kreyss.
566 2364 570 2405 1
587 2364 708 2395 habeat
725 2362 727 2403 Ι
745 2363 890 2393 maxime
933 2364 951 2391 2
978 2359 1183 2391 macedoniae
1210 2360 1251 2390 sit
1275 2368 1424 2399 aesosque
1440 2358 1512 2400 My.

118 2436 275 2468 Em.584
301 2436 415 2477 (Gryn.
431 2434 656 2465 Macedoniae:
683 2429 931 2470 exercitusque)
970 2433 988 2460 3
1006 2439 1063 2469 per
1089 2416 1197 2458 cas't'es
1228 2439 1325 2468 supra
1350 2428 1466 2469 scripto
1490 2429 1514 2458 ll

119 2494 174 2529 11,
207 2498 218 2525 1
247 2494 376 2535 parenti
417 2493 470 2526 12.
502 2496 513 2523 1
543 2489 856 2522 liberadmonitione
898 2491 916 2518 2
944 2487 1061 2528 inquid
1097 2486 1151 2520 13.
1185 2490 1194 2516 1
1225 2486 1320 2516 multi
1362 2490 1380 2516 2
1408 2495 1517 2527 operae

118 2553 164 2582 sit
183 2552 292 2584 (ἕν-οη..
316 2551 388 2582 Em.
415 2550 484 2581 585
506 2549 511 2588 1
533 2556 612 2580 tunc
662 2552 680 2579 3
706 2547 816 2578 causis
843 2546 896 2587 qui
923 2545 1022 2575 hodic
1049 2554 1121 2575 esse
1148 2543 1237 2580 (Em.
1260 2542 1349 2581 617,·
1377 2542 1518 2581 XLIV,

113 2609 155 2645 -3,
180 2609 232 2651 3.)
281 2614 300 2639 4
327 2614 537 2649 contemptus
586 2606 671 2640 14.l
702 2606 812 2636 dubiae
862 2608 879 2634 ‘2
906 2608 1081 2644 appareret
1137 2600 1320 2633 XXXVII.
1347 2601 1378 2637 l,
1410 2605 1421 2632 l
1451 2610 1520 2631 me-

118 2673 192 2698 tata
217 2673 334 2698 contra
359 2667 671 2708 impedimentaquae
697 2663 849 2694 coloe-ata
897 2665 915 2692 2
942 2661 1023 2692 aciae
1065 2659 1097 2694 2,
1129 2662 1146 2689 ‘2
1174 2668 1295 2689 cornus

1192 2722 1258 2750 13*
