1742 2902
134 1571 184 1618 19

313 135 362 171 56
674 133 776 164 Liber
800 132 911 165 XLII.
954 133 1014 173 (A.
1042 144 1074 166 u.
1103 144 1130 166 c.
1159 135 1254 174 582.)

254 254 533 291 administratio
563 255 611 290 ad
633 267 756 292 novos
780 257 954 293 consules
977 258 1117 294 reiecta
1146 265 1219 302 est;
1249 258 1287 294 in
1311 257 1512 307 praesentia
1538 264 1666 294 tamen

253 322 320 360 Cn.
353 324 534 359 Sicinium
567 333 788 372 praetorem,
831 327 936 362 cuius
976 327 1073 363 inter
1102 328 1204 364 cives
1234 335 1269 364 et
1302 328 1523 376 peregrinos
1555 327 1664 364 iuris-

251 393 366 428 divtio
384 401 477 434 erat,
503 394 668 431 scribere
697 395 831 431 milites
859 395 1011 443 placuit,
1044 397 1107 444 qui
1128 398 1371 434 Brundisium
1397 397 1510 441 ducti,
1541 397 1664 445 primo

251 474 405 510 quoque
436 472 609 511 tempore
640 465 886 513 Apolloniam
929 465 964 501 in
998 466 1156 514 Epirum
1191 468 1441 504 traicerentur
1471 467 1518 502 ad
1550 479 1665 503 occu-

249 532 398 579 pandas
431 534 641 570 maritimas
673 536 804 578 urbes„
838 535 900 570 ubi
931 536 1083 579 consul,
1115 536 1172 572 cui
1208 538 1404 584 provincia
1437 536 1666 573 Macedonia

250 600 487 644 obvenisset,
528 604 687 640 classem
731 604 924 652 appellere
961 613 1043 640 tuto
1085 614 1122 640 et
1162 607 1293 653 copias
1324 619 1391 654 pel·
1421 608 1664 644 commodum

250 682 443 718 exponere
474 681 614 719 posset.
674 674 885 716 Eumenes,
916 674 1152 721 aliquamdiu
1182 677 1337 724 AEginae
1366 683 1533 712 retentus
1564 676 1662 724 peri-

248 739 379 775 culosa
411 748 446 776 et.
476 741 621 778 difficili
653 744 860 785 curatione,
893 756 976 780 cum
1004 744 1166 792 primum
1193 754 1274 781 tuto
1299 745 1435 794 potuit,
1470 745 1663 793 profectus

246 808 495 856 Pergamum,
527 822 664 859 praeter
689 813 887 861 pristinum
916 814 1044 849 odium
1071 816 1210 852 recenti
1237 816 1349 851 etiam
1374 815 1514 851 scelere
1533 815 1664 852 Persei

247 879 466 916 stimulante
513 895 651 918 summa
697 885 734 920 vi
784 885 948 932 parabat
987 884 1136 921 bellum.
1202 886 1336 933 Legati
1368 897 1412 920 eo
1446 885 1494 920 ab
1525 885 1663 928 Roma,

245 950 496 996 gratulantes,
529 953 630 999 quod
663 966 682 988 e
723 961 828 989 tanto
869 954 1037 1001 periculo
1069 954 1275 999 evasisset,
1308 963 1504 991 venerunt.
1565 954 1661 992 Cum

247 1019 538 1056 Macedonicum
574 1022 711 1057 bellum
746 1023 782 1059 in
813 1036 952 1059 annum
985 1024 1142 1059 dilatum
1175 1032 1286 1067 esset,
1322 1024 1457 1060 ceteris
1490 1025 1662 1072 praetori-

247 1089 317 1124 bus
348 1090 423 1125 iam
466 1091 501 1126 in
534 1092 752 1139 provincias
791 1093 992 1141 profectis.
1033 1094 1086 1130 M.
1122 1093 1252 1128 Iunius
1283 1101 1319 1129 et
1350 1096 1415 1141 Sp.
1450 1094 1662 1140 Lucretius,

247 1158 384 1205 quibus
422 1160 620 1209 Hispaniae
660 1162 865 1210 provinciae
905 1163 1161 1204 obvenerant,
1192 1162 1398 1210 fatigantes
1429 1175 1529 1211 saepe
1561 1163 1660 1200 idem

245 1229 410 1276 petendo
437 1240 624 1271 senatum.
655 1233 805 1268 tandem
835 1232 1088 1280 pervicerunt.
1120 1240 1158 1267 ut
1185 1233 1489 1280 supplementum
1518 1233 1589 1269 sibi
1612 1233 1661 1270 ad

243 1299 450 1334 exercitum
470 1300 626 1337 daretur
643 1303 715 1337 tria
731 1303 835 1337 milia
851 1302 1032 1350 peditum,
1046 1311 1194 1338 centum
1211 1310 1247 1337 et
1265 1302 1539 1350 quinquaginta
1555 1303 1660 1350 equi·

246 1374 301 1403 tes
319 1369 354 1404 in
376 1370 570 1406 Romanas
597 1371 782 1419 legiones:
811 1373 845 1407 iu
872 1372 1052 1408 socialem
1081 1372 1287 1408 exercitum
1308 1372 1342 1406 V
1361 1372 1463 1408 milia
1490 1373 1658 1421 peditum

242 1446 277 1473 et
310 1437 410 1475 CCC
443 1441 588 1487 equites
618 1441 807 1489 imperare
836 1442 948 1478 sociis
990 1443 1092 1478 iussi.
1154 1442 1241 1478 Hoc
1281 1441 1478 1490 copiarum
1520 1443 1557 1479 in
1588 1443 1659 1480 Hi-

241 1509 397 1555 spanias
432 1522 514 1546 cum
549 1512 774 1558 praetoribus
804 1513 913 1548 novis
945 1520 1136 1560 portatum
1169 1520 1237 1547 est.

355 1579 500 1615 Eodem
541 1592 665 1625 anno,
705 1581 795 1628 quia
834 1595 901 1630 per
941 1583 1238 1630 recognitionem
1272 1581 1448 1618 Postumi
1493 1582 1659 1620 consulis

242 1659 383 1695 magna
416 1662 504 1696 pars
536 1651 617 1698 agri
646 1649 857 1699 Campani,
892 1664 1004 1699 quam
1038 1651 1179 1699 privati
1210 1651 1290 1687 sine
1323 1651 1539 1688 discrimine
1569 1664 1657 1700 pas-

240 1717 310 1753 sim
353 1720 624 1766 possederant,
674 1729 899 1768 re‹-uperata
941 1722 978 1757 in
1013 1722 1204 1770 publicum
1238 1728 1340 1764 erat,
1380 1720 1432 1758 M.
1458 1721 1657 1759 Lucretius

242 1788 415 1824 tribunus
457 1789 577 1837 plebis
618 1791 898 1838 promulgavit,
943 1799 982 1826 ut
1024 1804 1157 1839 agrum
1199 1790 1440 1839 Campanum
1480 1803 1657 1828 censores

242 1856 442 1894 fruendum
483 1860 670 1903 locarent;
716 1861 818 1907 quod
856 1859 998 1896 factum
1041 1867 1094 1895 tot
1135 1861 1242 1895 annis
1281 1869 1367 1908 post
1398 1868 1548 1909 captam
1581 1860 1656 1898 Ca·

239 1939 354 1974 puam
388 1941 461 1963 nou
494 1928 630 1971 fuerat,
664 1937 702 1965 ut
733 1930 769 1965 in
801 1942 924 1965 vacuo
958 1938 1165 1977 vagaretur
1191 1931 1378 1979 cupiditas
1405 1930 1654 1978 privatorum.

187 2021 194 2031 .
241 1997 335 2031 (um
365 2000 399 2032 in
427 1999 693 2045 expectatione
716 2008 870 2036 senatus
896 2010 1006 2044 esset,
1040 2000 1138 2036 bello
1161 2001 1230 2036 etsi
1249 2013 1322 2036 non
1340 2000 1495 2045 indicto,
1527 2008 1654 2037 tamen

239 2065 314 2101 iarn
347 2067 521 2111 decreto,
563 2070 625 2116 qui
658 2081 787 2117 regum
820 2082 951 2108 suam.
993 2070 1125 2106 Persei
1157 2070 1220 2117 qui
1251 2070 1416 2106 secuturi
1447 2071 1653 2108 amicitiam

239 2145 376 2179 essent,
408 2136 521 2185 legati
549 2139 769 2175 Ariarathis
799 2152 957 2188 puerum
990 2140 1107 2176 filium
1135 2139 1236 2187 regis
1262 2151 1390 2175 secum
1421 2139 1653 2177 adducentes

236 2325 269 2361 2.
296 2329 314 2356 3
344 2336 371 2357 e.
401 2327 554 2358 sicinium
602 2328 665 2362 3.1
696 2329 789 2360 ducit
827 2333 846 2360 2
873 2330 1068 2360 traiceretur
1103 2327 1135 2365 4,
1164 2333 1175 2359 l
1206 2329 1314 2368 aegine
1353 2333 1372 2359 4
1399 2328 1591 2360 stimulante
1619 2328 1652 2360 ui

237 2386 268 2420 5.
302 2390 311 2417 1
344 2388 386 2418 ab
420 2398 514 2418 roma
546 2389 758 2420 stimulantes
789 2391 878 2430 quod
923 2389 955 2426 6,
983 2393 1000 2420 2
1030 2399 1231 2420 mausona-um
1257 2389 1383 2420 bellum
1407 2391 1411 2428 Ι
1435 2390 1577 2420 dilatum
1600 2395 1653 2421 est

238 2447 258 2474 3
285 2445 317 2474 in
344 2446 519 2484 prouincia
576 2451 594 2476 4
630 2445 778 2485 fatigatis
814 2446 945 2489 Kreyss.
983 2445 1102 2488 (Gryn.
1131 2446 1296 2485 fatigato.
1315 2470 1346 2477 ..
1386 2446 1520 2487 senatu)
1544 2448 1549 2486 Ι
1571 2455 1651 2488 sepe

237 2511 299 2547 'LI
330 2499 501 2553 upeditum
541 2517 560 2545 3
583 2524 657 2545 cum
680 2502 730 2555 pr.
759 2516 854 2546 nouis
912 2515 1010 2551 XIX,
1031 2515 1061 2550 1.
1085 2519 1095 2546 1
1122 2515 1447 2555 persecognitionem
1499 2519 1517 2546 2
1549 2513 1647 2557 Gryn-

236 2591 336 2623 qucm
386 2585 406 2612 3
430 2583 651 2614 consederant
678 2569 890 2625 lue‘ruperata
939 2583 971 2618 2,
1002 2587 1013 2614 1
1045 2589 1095 2613 tot
1119 2583 1217 2614 annis
1244 2593 1311 2613 non
1337 2589 1413 2622 post
1472 2583 1505 2620 3,
1538 2587 1550 2614 l
1573 2592 1649 2614 cum

236 2640 471 2680 expectatione
522 2643 540 2670 2
569 2649 709 2679 regnum
735 2640 819 2680 (Cur
845 2651 922 2672 non:
949 2641 1005 2680 qui
1031 2640 1187 2680 Persem)
1236 2644 1255 2671 3
1282 2641 1397 2672 ariatis
