1742 2902
448 134 550 165 Liber
575 133 686 183 XLII<
737 134 798 173 (A.
827 133 906 165 Chr.
939 133 1032 172 171.)
1319 137 1384 170 lll

39 257 128 306 Ipse
171 257 218 292 ab
266 269 312 292 ea
352 262 481 304 parte,
525 269 602 304 qua
646 257 729 293 duae
767 262 890 292 turres
921 256 1100 304 quodque
1129 255 1227 291 inter
1256 267 1321 291 eas
1352 255 1449 291 muri

39 332 132 369 erat,
153 332 353 370 corruerat,
373 326 449 362 duo
477 327 579 362 inilia
609 327 767 362 militum
794 325 1026 361 delectorum
1052 325 1235 369 admovit,
1255 331 1293 360 ul
1313 325 1448 360 eodem

37 401 219 443 tempore,
251 409 326 444 quo
358 396 437 444 ipse
470 397 740 433 transcendere
760 396 890 431 ruinas
915 403 1131 438 conaretur,
1163 407 1347 431 concursu
1380 395 1448 430 ad-

36 477 167 502 versus
196 477 238 501 se
271 466 551 513 oppidanorum
579 466 695 509 facto,
725 466 838 501 scalis
869 477 993 501 vacua
1015 465 1279 501 defensoribus
1310 464 1449 500 moenia

37 535 120 583 capi
151 542 261 582 parte
292 535 422 583 aliqua
453 543 619 584 possent.
691 535 806 571 Haud
848 535 1015 582 segniter
1049 535 1230 582 oppidani
1260 534 1336 569 vim
1369 534 1448 569 eius

36 616 164 642 arcere
194 613 345 653 parant.
386 606 488 641 Nam
521 618 636 653 super
666 613 825 640 stratum
857 606 975 640 ruinis
1005 605 1129 640 locum
1167 603 1336 639 fascibus
1374 603 1448 638 ari-

0 691 1 696 *
36 674 92 710 dis
113 683 391 710 sarmentorum
415 676 572 717 iniectis,
605 683 749 711 stantes
773 687 857 710 cum
883 675 1102 710 ardentibus
1123 673 1284 715 facibus,
1314 684 1448 708 accen-

0 745 1 748 ’
34 755 142 780 suros
160 756 243 779 eam
261 756 301 779 se
322 756 460 791 saepem
481 745 736 787 minabantur,
762 752 814 788 ut,
834 744 1008 780 incendio
1032 743 1238 790 intersaepti
1261 743 1308 777 ab
1325 743 1447 786 hoste,

0 813 197 860 'Spatium
245 813 293 848 ad
333 814 571 849 obiciendum
611 814 828 849 interiorem
871 826 1019 849 murum
1064 814 1261 849 haberent.
1334 811 1447 857 Quod

32 881 222 930 inceptum
253 895 382 918 eorum
414 882 494 918 fors
523 884 698 931 inpediit,
744 896 832 918 narn
866 891 993 918 tantus
1027 891 1183 930 repente
1217 881 1360 917 effusus
1392 887 1448 916 est

31 951 172 996 imber,
209 959 248 988 ut
278 965 347 988 nec
378 953 533 988 accendi
564 953 675 988 facile
706 960 902 1000 pateretur
932 960 967 987 et
998 952 1238 998 extingueret
1271 962 1444 986 accensa.

30 1021 169 1068 Itaque
199 1029 234 1057 et
263 1022 446 1058 transitus
483 1035 551 1070 per
592 1023 773 1058 distracta
814 1022 1002 1057 fumantia
1033 1021 1199 1068 virgulta
1228 1020 1370 1068 patuit,
1411 1027 1447 1055 et

31 1090 69 1126 in
85 1091 194 1126 unius
221 1091 293 1128 loci
319 1092 534 1139 praesidium
561 1093 738 1127 omnibus
769 1092 902 1132 versia
935 1092 1074 1127 moenia
1098 1103 1250 1138 quoque
1276 1090 1446 1137 pluribus

31 1160 142 1196 simul
165 1162 337 1209 partibus
363 1161 476 1197 scalis
499 1162 713 1209 capiuntur.
768 1163 812 1197 In
845 1162 968 1209 primo
999 1161 1160 1196 tumultu
1192 1157 1446 1207 captae'urbis

31 1230 198 1266 seniores
235 1232 491 1279 inpubesque,
531 1244 626 1279 quos
665 1244 776 1268 casus
809 1233 944 1267 obvios
975 1231 1133 1278 optulit,
1164 1230 1306 1277 passim
1339 1230 1445 1273 caesi3

30 1300 168 1336 armati
198 1301 235 1336 in
266 1314 391 1337 arcem
424 1301 698 1349 confugerunt,
739 1308 967 1349 etpostero
1005 1300 1084 1340 (lie,
1127 1312 1210 1335 cum
1243 1299 1324 1346 spei
1355 1299 1446 1334 nihil

29 1378 265 1418 superesset,
312 1371 503 1407 deditione
538 1371 664 1415 facta,
713 1372 782 1407 sub
821 1382 961 1407 corona
1003 1369 1213 1404 venierunt.
1273 1369 1444 1404 Fuerunt

31 1447 155 1476 autem
185 1441 272 1477 MM
309 1441 430 1477 ferme
469 1449 504 1477 et
545 1441 752 1489 quingenti.
814 1440 1053 1477 Ornamenta
1083 1439 1206 1483 urbis,
1243 1446 1379 1474 statuae
1409 1446 1445 1474 et

28 1511 168 1546 tabulae
197 1511 319 1558 pietae,
351 1519 386 1547 et
419 1512 603 1559 quidquid
636 1511 812 1559 pretiosae
843 1510 979 1558 praedae
1010 1508 1093 1549 fuit,
1126 1508 1173 1543 ad
1196 1521 1314 1544 naves
1340 1509 1443 1544 dela·

27 1586 127 1625 tum3
166 1582 256 1617 urbs
290 1581 416 1617 dirwa
457 1594 480 1617 a
516 1581 788 1618 fundamentis.
854 1580 950 1616 Inde
980 1579 1137 1614 Thebas
1169 1578 1303 1613 duetus
1335 1591 1443 1614 exer-

29 1651 141 1695 citus3
173 1651 310 1699 quibus
341 1652 422 1687 sine
452 1652 659 1688 certamine
688 1652 870 1699 receptis,
910 1650 1041 1685 urben]
1078 1648 1236 1683 tradidit
1268 1648 1442 1683 exulibus

18 1726 65 1769 ‚et
94 1721 159 1768 qui
190 1723 455 1758 Romanorum
494 1722 615 1770 partis
656 1729 782 1764 erant3
827 1721 1000 1756 adversae
1037 1719 1214 1755 factionis
1244 1718 1441 1753 hominum

26 1789 298 1839 fautorumque
319 1791 419 1839 regis
444 1803 488 1827 ae
512 1791 768 1827 Macedonum
795 1790 961 1826 familias
988 1790 1057 1825 sub
1087 1801 1230 1826 corona
1259 1784 1442 1824 vendidit.

26 1859 99 1897 His
128 1861 245 1909 gestis
275 1862 313 1897 in
345 1862 510 1905 Boeotia,
542 1861 589 1897 ad
622 1874 726 1896 mare
758 1873 803 1897 ae
837 1872 956 1896 naves
987 1860 1106 1896 rediit.

138 1930 233 1967 Cum
271 1932 353 1967 haee
391 1931 429 1966 in
468 1931 620 1966 Boeotia
658 1937 901 1978 gererentur,
946 1931 1113 1967 Perseus
1151 1929 1199 1964 ad
1240 1928 1440 1976 Sycurium

27 2000 167 2037 stativa
197 2001 343 2037 dierum
374 2001 521 2048 aliquot
549 2000 696 2037 habuit.
756 2000 834 2038 Ubi
865 2013 951 2037 cum
982 2001 1161 2044 audisset,
1190 1999 1330 2047 raptim
1361 1999 1441 2034 Ro-

28 2218 58 2255 6,
77 2223 88 2250 1
107 2222 180 2253 duae
194 2228 231 2253 ut
245 2229 311 2254 tres
327 2233 460 2264 quoque
475 2224 560 2254 inter
582 2224 586 2262 Ι
610 2224 693 2253 muri
709 2222 818 2253 fuerat
833 2223 899 2252 duo
916 2221 1071 2262 le.post
1084 2221 1216 2263 Kreyss.
1232 2221 1305 2252 Em.
1322 2221 1436 2253 54711.

0 2296 2 2298 v
27 2276 144 2320 (Gryn.
166 2282 250 2311 muri
276 2289 450 2322 prorutum
477 2281 598 2318 suerat,
626 2280 707 2319 duo)
759 2285 777 2310 2
805 2280 961 2310 admouit
987 2279 1108 2309 eodem
1158 2284 1178 2309 4
1204 2278 1308 2310 factio
1358 2279 1389 2319 7,
1422 2282 1436 2309 1

27 2336 182 2375 oppidani
211 2344 281 2369 tum
307 2339 378 2370 eius
430 2343 448 2369 3
482 2339 631 2370 fascibus
681 2342 700 2367 4
734 2347 808 2368 eam
837 2347 872 2368 se
900 2346 988 2376 stepe
1016 2336 1086 2377 319.
1114 2336 1186 2367 Em.
1215 2336 1286 2367 54²7
1313 2335 1436 2377 (Gr-yn.

27 2399 66 2422 ea.
90 2402 126 2423 se
152 2396 258 2435 saepe)
307 2396 340 2436 8,
369 2401 387 2427 2
415 2397 543 2437 inpedit
566 2398 570 2435 l
593 2402 731 2435 repente
758 2401 809 2425 est.
833 2394 964 2425 infusus
992 2400 1042 2424 est
1091 2398 1109 2424 3
1137 2395 1347 2425 accendendi
1405 2394 1436 2430 9,

27 2461 46 2489 2
72 2463 226 2494 omnibus
252 2466 364 2497 uerbis
416 2465 470 2503 10,
499 2469 516 2495 2
545 2464 665 2495 obuius
688 2464 692 2502 Ι
715 2464 840 2504 passim
868 2453 966 2494 caissi
1020 2462 1074 2500 11,
1102 2466 1120 2492 2
1150 2472 1183 2493 σο
1218 2472 1251 2493 00
1271 2462 1378 2493 ferme
1405 2467 1438 2492 et

40 2529 77 2556 x
111 2528 307 2553 ornamenta
330 2525 334 2561 1
358 2530 475 2554 statuae
508 2522 631 2553 tabulae
657 2527 690 2552 et
714 2524 812 2561 pictae
862 2524 881 2551 3
907 2521 1060 2561 praetiose
1123 2523 1143 2550 4
1169 2521 1261 2550 urbis
1334 2519 1389 2557 12,
1420 2523 1433 2549 1

25 2577 214 2610 inttebanos
240 2580 360 2612 ductus
418 2585 434 2603 ‘³
464 2582 585 2621 recepti
635 2581 657 2609 3
684 2579 828 2608 aduersa
877 2581 894 2608 5
922 2578 956 2608 in
982 2577 1128 2608 boetiam
1151 2578 1156 2617 l
1179 2587 1278 2608 naves
1304 2578 1324 2607 d
1351 2576 1438 2607 redit

25 2633 150 2676 LXIV,
176 2637 207 2674 1,
239 2641 253 2667 1
281 2638 314 2668 in
335 2638 449 2668 boetia
470 2639 474 2677 Ι
496 2636 802 2678 perseusassyrium
852 2634 883 2672 2,
915 2639 929 2665 1
959 2635 1132 2665 audissem

1483 1161 1492 1193 1

1483 1370 1492 1402 l

1473 1999 1494 2033 [Ο

1507 1160 1530 1193 0

1509 1370 1522 1403 l

1500 1922 1552 1967 64
