1742 2902
458 129 558 159 Liber
583 128 674 159 XLI.
727 129 788 168 (A.
817 127 897 159 Chr.
930 128 1021 167 174.)
1335 130 1383 164 ⁹5

1337 155 1355 164 ..ι

36 252 280 295 absumebat3
320 252 490 299 satisque
529 233 857 294 constabatffnee
888 252 952 288 illo
993 263 1061 287 nec
1099 250 1225 299 priore
1257 262 1378 293 anne,
1408 250 1444 285 in

35 327 141 358 tanta
180 328 308 369 strage
353 321 467 356 boum
517 321 802 368 hominumque,
845 321 1048 357 volturium
1103 332 1262 368 usquam
1307 320 1444 357 visum.

36 390 263 429 Sacerdotes
304 389 444 437 publici
496 402 542 425 ea
584 391 800 438 pestilentia
845 391 982 427 mortui
1021 398 1106 426 sunt
1146 389 1215 427 Cn.
1260 389 1443 427 Servilius

35 460 164 509 Caepio
196 458 392 507 pontifex,
432 467 542 507 pater
572 460 757 508 praetoriS,
803 468 840 496 et
878 461 938 497 Ti.
973 461 1222 508 Sempronius
1253 460 1315 497 Ti.
1345 459 1444 495 filius

35 530 190 578 Longus
229 529 421 565 decemvir
458 541 655 566 sacrorum
692 538 726 566 et
758 531 804 569 P.
834 531 963 567 AElius
997 532 1122 567 Paetus
1164 542 1286 577 augur
1316 537 1351 564 et
1381 529 1443 566 Ti.

35 597 281 646 Sempronius
313 598 514 636 Gracchus
559 607 595 635 et
625 598 666 636 C.
701 601 853 636 Atellus
886 600 1080 636 Mamilius
1118 600 1222 635 curio
1255 599 1443 634 maximus

34 674 67 705 et
96 669 148 704 M.
180 668 429 716 Sempronius
459 669 674 705 Tuditanus
699 672 873 718 pontifex.
942 669 1148 705 Pontifices
1179 668 1326 704 suffecti
1357 676 1444 704 sunt

33 736 76 775 C.
107 737 298 786 Sulpicius
330 738 461 776 Galba
491 740 512 760 ³⁸⁵
540 740 562 760 *
607 738 643 773 in
683 739 807 774 locum
841 739 1036 775 Tuditani.
1086 741 1266 787 Augures
1296 737 1443 774 suffecti

32 814 137 852 sunt,
167 808 205 844 in
236 808 405 845 Gracchi
445 807 568 843 locum
601 808 649 843 Τ.
681 808 862 843 Veturius
897 808 1098 845 Gracchus
1130 808 1444 855 Sempronianus,

31 877 69 914 in
100 878 145 915 P.
177 878 259 914 AEli
302 877 350 924 Q.
380 877 509 914 AElius
542 878 686 921 Paetus;
727 878 919 913 decemvir
958 890 1154 913 sacrorum
1187 876 1229 913 C.
1262 877 1443 925 Sempro-

30 946 115 983 nius
152 947 326 994 LonguS,
370 947 475 984 curio
516 947 706 983 maximus
746 945 789 983 C.
822 946 1044 982 Scribonius
1088 946 1204 983 Curio
1243 946 1441 982 sufficitur.

32 1015 126 1054 Cum
161 1017 384 1065 pestilentiae
417 1017 502 1052 finis
532 1028 607 1052 non
638 1017 766 1058 fieret,
803 1026 958 1052 senatus
988 1017 1176 1059 decrevit,
1207 1016 1260 1051 uti
1292 1017 1442 1052 decem-

30 1086 101 1122 viri
130 1087 249 1123 libros
279 1087 487 1135 Sibyllinos
518 1086 678 1122 adirent.
739 1086 798 1122 Ex
833 1086 986 1122 decreto
1026 1099 1156 1122 eorum
1195 1086 1294 1121 diem
1327 1098 1441 1121 unum

30 1156 257 1204 supplicatio
288 1156 359 1192 fuit-
389 1164 437 1200 et,
469 1156 516 1203 Q.
535 1155 683 1192 Marcio
705 1155 886 1203 Philippo
903 1157 1022 1192 verba
1044 1163 1248 1204 praeeunte,
1278 1156 1442 1204 populus

29 1225 68 1262 in
107 1224 193 1262 foro
231 1233 360 1262 votum
403 1225 599 1274 concepit,
653 1225 683 1261 si
726 1227 882 1261 morbus
922 1227 1213 1274 pestilentiaque
1257 1238 1304 1261 ex
1349 1237 1442 1273 agro

29 1295 206 1332 Romano
234 1302 362 1331 emota
386 1303 496 1338 esset,
527 1295 682 1331 biduum
710 1295 826 1331 ferias
855 1309 899 1332 ac
925 1296 1240 1344 supplicationem
1273 1307 1314 1331 se
1334 1296 1443 1331 habi-

29 1370 167 1401 turum.
228 1366 272 1401 In
303 1364 452 1400 Veienti
482 1376 576 1411 agro
618 1365 747 1413 biceps
778 1374 890 1402 natus
921 1380 1034 1414 puer,
1076 1374 1112 1402 et.
1142 1366 1333 1402 Sinuessae
1359 1366 1442 1401 uni-

33 1447 187 1479 manus,
226 1442 263 1471 et
293 1434 453 1471 Auximi
484 1434 609 1482 puella
641 1447 724 1471 cum
756 1436 944 1479 dentibus,
978 1442 1015 1471 et
1051 1447 1160 1471 arcus
1190 1435 1352 1470 interdiu
1385 1447 1443 1471 se-

32 1517 124 1542 reno
165 1505 257 1541 caelo
294 1517 408 1553 super
445 1505 563 1540 aedem
597 1504 752 1540 Saturni
789 1504 826 1539 in
865 1503 952 1540 foro
983 1505 1160 1540 Romano
1192 1505 1377 1549 intentus,
1409 1512 1446 1540 et

33 1581 108 1612 tres
138 1575 250 1611 simul
289 1575 390 1611 soles
425 1573 645 1610 effulserunt
685 1581 721 1609 et
757 1572 861 1609 faces
899 1573 1031 1609 eadem
1069 1582 1181 1610 nocte
1218 1575 1346 1622 plures
1377 1588 1445 1623 per

33 1644 162 1680 caelum
194 1645 312 1692 lapsae
341 1652 427 1681 sunt
457 1645 495 1681 in
525 1644 742 1689 Lanuvino,
774 1642 1008 1690 Caeritesque
1039 1656 1200 1690 anguem
1234 1645 1270 1679 in
1303 1645 1445 1692 oppido

33 1725 102 1750 suo
130 1714 326 1756 iubatum,
365 1712 491 1748 aureis
523 1714 680 1750 maculis
710 1726 884 1761 sparsum
921 1714 1146 1762 apparuisse
1176 1714 1446 1756 adfirmabant,

33 1789 69 1819 et
97 1784 136 1820 in
165 1796 259 1832 agr-o
291 1782 492 1830 Campano
524 1784 661 1819 bovem
691 1783 860 1819 locutum
897 1795 991 1824 esse,
1022 1784 1116 1819 satis
1144 1785 1359 1821 constabat.

144 1854 281 1902 Legati
330 1853 440 1888 nonis
492 1853 614 1889 Iuniis
669 1866 716 1889 ex
759 1853 897 1890 Africa
942 1853 1155 1896 redierunt,
1210 1854 1296 1901 qui,
1353 1865 1443 1888 con-

35 2039 54 2066 2
68 2037 110 2067 ab
126 2061 133 2068 .
150 2061 157 2068 .
175 2038 288 2069 mebat
305 2038 308 2078 Ι
326 2039 402 2070 illos
444 2040 658 2080 prioreianno
686 2043 704 2069 3
721 2039 822 2069 taicta
837 2039 962 2078 straige
987 2039 1019 2074 8,
1033 2043 1050 2069 2
1070 2040 1163 2079 cepio
1201 2046 1233 2069 et
1249 2045 1270 2070 t.
1283 2039 1381 2070 Frob.
1394 2038 1442 2070 II.

34 2102 107 2145 ltiti
125 2105 212 2137 filius
227 2106 372 2138 Perizon.
414 2110 433 2138 3
453 2107 530 2137 xuir
551 2108 556 2145 Ι
579 2114 610 2137 et
630 2112 653 2137 t.
694 2111 714 2137 4
741 2113 773 2137 et
799 2117 826 2138 c.
855 2107 1148 2139 atfelliusaemilius
1188 2107 1294 2138 ll'eiss.
1324 2107 1442 2149 (Gryn.

35 2167 68 2192 et
94 2161 131 2193 C.
157 2163 305 2195 Attelius
329 2164 500 2195 AEmilins.
536 2162 605 2205 Sz'y.
636 2164 671 2197 C.
693 2165 864 2195 Mamilius
890 2165 1042 2203 Vitulus)
1066 2167 1070 2205 Ι
1094 2166 1260 2196 maximus
1288 2176 1329 2196 m.
1359 2175 1445 2196 sem-

33 2220 169 2258 pronius
195 2220 291 2252 Frob.
316 2221 365 2253 II.
417 2222 450 2259 8,
471 2225 487 2252 5
511 2227 540 2252 et
564 2222 596 2259 9,
619 2226 631 2253 l
662 2223 834 2253 tuditanus
861 2222 1038 2262 pontifices
1064 2222 1195 2253 suffecti
1250 2223 1280 2256 9.
1298 2228 1315 2253 2
1344 2224 1446 2261 galba

35 2274 70 2306 in
94 2275 205 2308 locum
232 2277 400 2309 Lacunam
431 2278 529 2320 Gryn.
558 2280 706 2310 asterisco
733 2280 762 2310 ιἰι
789 2280 929 2320 maryine
951 2280 1054 2320 posito
1081 2281 1208 2311 notavit.
1285 2284 1303 2311 3
1332 2281 1446 2320 graeci

36 2346 57 2374 4
79 2343 114 2374 in
138 2345 218 2385 pelli
241 2347 246 2385 Ι
268 2353 373 2386 paetus
400 2332 417 2377 e
442 2349 518 2378 xuir
567 2348 622 2386 10,
655 2352 666 2378 l
696 2349 783 2379 xuiri
821 2353 838 2378 2
855 2348 1042 2388 sybyllinos
1078 2352 1097 2379 3
1125 2349 1303 2389 suplicatio
1353 2349 1407 2388 11,
1428 2353 1441 2380 l

34 2402 133 2442 popu}
150 2425 158 2433 .
175 2426 182 2433 .
197 2413 212 2433 s
239 2407 257 2433 2
275 2410 373 2435 uotus
399 2408 418 2434 3
435 2405 539 2436 furias
587 2405 641 2441 12,
661 2409 672 2435 1
695 2406 879 2435 inuenienti
898 2407 901 2433 ἔ
917 2406 1067 2436 εἰηυεςεε
1082 2407 1275 2437 unima'nus
1291 2431 1297 2437 .
1315 2431 1322 2437 .
1339 2407 1444 2437 oximi

37 2460 56 2487 2
81 2458 247 2498 dentibusl
264 2483 271 2491 .
288 2484 295 2491 .
314 2470 389 2491 rcus
427 2461 480 2497 13,
497 2465 515 2492 ι).
541 2462 647 2492 labsae
684 2469 763 2492 sunt
789 2469 820 2492 et
844 2463 877 2492 in
905 2463 1230 2504 lanuinoceritesque
1257 2468 1276 2494 3
1292 2465 1446 2494 iuuatum

36 2515 108 2546 tuis
144 2515 241 2547 Frob.
278 2515 327 2547 II.
369 2517 506 2557 (Weiss.
534 2518 646 2558 flavis)
708 2523 728 2549 4
762 2520 805 2550 b.
823 2529 898 2550 uem
921 2522 924 2557 Ι
947 2527 1088 2551 consta.
1106 2545 1113 2552 .
1131 2545 1138 2551 .
1212 2520 1329 2557 XXII,
1368 2521 1398 2556 1,
1430 2524 1443 2551 1

36 2568 153 2612 ..lgati
178 2572 267 2604 Folii
288 2573 344 2611 12,
371 2575 458 2605 cuius
480 2576 602 2617 paqina
628 2575 768 2607 adversa
793 2577 902 2617 incipit
924 2588 950 2608 c.
980 2577 1096 2610 XXI.
1123 2577 1187 2613 12,
1213 2577 1236 2609 3
1261 2579 1301 2608 ab
1327 2578 1445 2613 aedem,

37 2625 149 2660 desinit
160 2640 186 2660 c.
203 2629 333 2669 XXII,
347 2630 380 2668 5,
394 2631 414 2662 1
428 2632 459 2662 in
473 2635 538 2670 moi
549 2655 556 2663 .
567 2642 612 2670 es,
627 2645 742 2664 aversa
756 2632 869 2664 desinit
880 2645 906 2665 c.
924 2633 1072 2671 XXIJL
1087 2635 1112 2666 2
1124 2635 1156 2666 in
1170 2635 1445 2675 receptaculum,

1481 1014 1523 1047 10

1481 1155 1487 1187 l
1507 1155 1518 1187 l

1479 1361 1522 1396 12

1483 1572 1525 1607 13

1501 1845 1555 1889 22
