1742 2902
451 133 552 164 Liber
577 132 686 164 XLII.
738 133 795 170 (A.
825 131 902 164 Chr.
936 134 1026 169 173.)
1341 133 1386 165 47

40 270 154 307 quam
186 262 365 299 voverat,
410 254 620 297 dedicavit,
666 259 701 288 et
732 237 912 288 sEaenicos
943 253 1052 289 ludos
1083 264 1151 300 per
1181 250 1448 299 quadriduum.

42 339 156 364 unum
189 325 287 362 diem
320 325 356 360 in
388 324 488 360 circo
522 322 622 360 fecit.
700 323 746 360 L.
778 320 977 358 Cornelius
1008 321 1211 366 Lentulus,
1257 319 1449 356 decemvir

41 407 259 439 sacrorum,
290 406 335 430 eo
367 405 466 429 anno
501 398 673 428 mortuus
704 399 771 427 est.
850 392 895 427 In
925 391 1049 427 locum
1082 391 1162 426 cius
1191 389 1371 426 suffectus
1401 391 1447 426 A.

42 464 262 504 Postumius
284 462 460 499 Albinus.
524 461 776 497 Lucustarum
817 467 931 496 tantae
969 461 1087 496 nubes
1119 473 1141 496 a
1172 459 1266 495 mari
1297 464 1451 507 repente

42 535 80 572 in
111 533 294 582 Apuliam
326 531 453 567 inlatae
483 537 589 575 sunt,
634 537 673 565 ut
704 529 942 566 examinibus
969 529 1047 565 suis
1079 541 1192 577 agros
1222 529 1298 565 late
1328 527 1452 576 operi—

43 609 137 641 rent.
203 602 267 638 Ad
299 613 412 648 quam
444 606 589 648 pestem
620 598 772 647 frugum
803 599 1009 635 tollendam
1044 598 1112 635 Cn.
1147 599 1327 641 sicinius.
1357 609 1453 646 prae-

44 680 105 710 tor
135 671 375 719 designatus,
418 682 502 706 cum
534 669 694 717 imperio
724 671 759 705 in
790 668 972 717 Apuliam
1005 668 1161 712 missus.
1206 668 1348 716 ingenti
1387 679 1454 715 ag-

45 742 145 779 mine
174 741 369 777 hominnm
403 740 451 776 ad
482 739 716 787 colligendas
739 751 803 774 eas
828 745 975 782 coacto,
1007 738 1240 785 aliquantum
1275 737 1455 785 temporis

47 811 268 859 absumpsit.
343 809 576 857 Principium
610 809 842 856 insequentis
881 808 989 852 anni,
1034 820 1110 855 quo
1141 807 1184 844 C.
1216 807 1389 855 Popilius
1420 814 1456 842 et

47 883 94 920 P.
123 881 252 918 AElius
296 879 450 916 fuerunt
494 878 688 922 consules.
735 878 906 913 residuas
939 878 1198 913 contentiones
1238 890 1285 913 ex
1335 877 1462 925 priore

50 963 149 988 anno
180 949 327 987 habuit.
380 950 518 985 Patres
547 947 681 984 referri
712 947 758 984 de
787 947 993 995 Liguribus
1022 947 1277 994 renovarique
1307 955 1461 982 senatus

50 1020 262 1058 consultum
292 1019 495 1063 volebant,
541 1025 577 1054 et-
616 1017 748 1054 consnl
778 1017 908 1053 AElius
947 1017 1150 1055 referebat.
1222 1016 1396 1064 Popilius
1427 1023 1463 1051 et

50 1090 236 1138 collegam
267 1096 303 1124 et
333 1095 506 1125 senatum
540 1101 610 1136 pro
641 1087 760 1123 fratre
790 1087 1090 1135 deprecabatur.
1134 1099 1214 1135 prae
1254 1099 1295 1122 se
1322 1086 1459 1131 ferens,

51 1160 82 1196 si
113 1159 202 1207 quid
235 1159 491 1203 decernerent,
522 1158 829 1194 intercessurum.
889 1155 1087 1205 Collegam
1105 1157 1303 1199 deterruit3
1336 1163 1465 1205 patres

54 1242 98 1266 eo
132 1228 267 1276 magis,
298 1228 450 1275 utrique
476 1227 619 1276 pariter
649 1227 795 1263 consuli
825 1226 974 1271 infensi,
1004 1227 1041 1262 in
1057 1227 1208 1274 incepto
1229 1227 1464 1274 perstabant.

53 1299 211 1346 Itaque,
259 1310 342 1334 cum
375 1298 421 1333 de
460 1297 665 1346 provinciis
705 1304 882 1345 ageretur
921 1303 958 1333 et
996 1296 1251 1340 Macedonia,
1302 1296 1378 1332 iam
1412 1297 1468 1332 in-

55 1368 219 1404 minente
250 1367 381 1404 Persei
421 1367 542 1411 bello,
581 1373 797 1415 peteretur,
840 1366 1002 1414 Ligures
1033 1366 1220 1401 ambobus
1251 1366 1469 1402 consulibus

58 1438 282 1481 decernunt3
326 1437 595 1473 Macedoniam
629 1436 848 1472 decreturos
879 1443 1040 1483 negant,
1084 1437 1122 1470 nz'
1149 1436 1196 1470 de
1229 1435 1285 1472 M.
1316 1435 1469 1483 Popilio

56 1506 276 1544 referretur.
341 1506 632 1542 Postulantibus
662 1506 819 1550 deinde,
863 1512 904 1541 ut
933 1517 1055 1541 novos
1087 1504 1274 1540 exercitus
1305 1505 1472 1541 scribere

60 1583 126 1613 aut
159 1576 465 1624 supplementum
508 1575 702 1612 veteribus
737 1575 887 1619 liceret,
939 1580 1144 1621 utrumque
1179 1581 1360 1622 negatum
1402 1582 1470 1612 est.

62 1645 297 1684 Praetoribus
343 1657 496 1693 quoque
543 1645 581 1681 in
626 1645 856 1693 Hispaniam
902 1644 1205 1693 supplementum
1258 1644 1473 1692 petentibus

63 1722 258 1764 negatum,
288 1716 341 1754 M.
365 1715 477 1751 Iunio
507 1717 543 1750 in
575 1715 802 1760 citeriorem,
849 1714 916 1763 Sp.
948 1713 1127 1751 Lucretio
1164 1713 1203 1749 in
1243 1714 1475 1750 ulteriorem.

64 1784 108 1823 C.
141 1785 309 1821 Licinius
340 1784 503 1821 Crassus
533 1785 721 1821 urbanam
752 1784 1063 1829 iurisdictionem,
1099 1783 1169 1821 Cn.
1201 1783 1363 1821 Sicinius
1380 1783 1476 1819 inter

67 1854 288 1903 peregrinos
320 1860 402 1891 erat
438 1855 617 1900 sortitus,
662 1853 706 1893 C.
736 1853 940 1891 Memmius
981 1853 1174 1897 Siciliam,
1220 1853 1287 1901 Sp.
1319 1852 1476 1890 Cluvius

68 1923 299 1962 Sardiniam.
349 1923 549 1969 Consules,
585 1925 633 1961 ob
665 1937 710 1960 ea
730 1924 819 1960 irati
839 1923 999 1967 senatui,
1030 1923 1178 1959 Latinis
1201 1922 1305 1958 feriis
1334 1923 1372 1958 in
1402 1923 1478 1971 pri-

71 2006 173 2030 mam
204 2006 397 2042 quamque
427 1994 526 2030 diem
557 1994 732 2038 indietis,
762 1993 800 2029 in
830 1992 1067 2041 provinciam
1099 1992 1270 2029 abituros
1301 2004 1384 2028 esse
1414 1993 1478 2028 de-

72 2063 312 2109 nuntiarunt,
355 2076 425 2100 nec
469 2064 675 2111 quicquam
717 2063 772 2099 rei
802 2062 962 2111 publicae
1007 2069 1181 2107 acturos,
1225 2067 1480 2110 praetcrquam

73 2133 175 2180 quod
206 2133 254 2169 ad
284 2134 568 2181 provinciarum
601 2132 968 2169 administrationem
1001 2131 1198 2167 adtineret.

75 2283 95 2309 4
121 2285 158 2310 ut.
185 2281 344 2310 scaenicos
377 2280 408 2318 6,
429 2284 441 2310 l
466 2280 544 2310 xuir
578 2278 609 2316 ’7,
630 2282 641 2309 l
669 2284 759 2309 tante
780 2284 915 2316 {amant
939 2276 1204 2318 repente(Gryn.
1232 2287 1250 2307 a
1275 2276 1357 2307 mari
1383 2282 1482 2307 vento

75 2339 224 2378 repente)
259 2341 277 2368 2
305 2338 513 2378 operirentur
560 2336 592 2374 8,
623 2340 634 2367 l
667 2345 765 2376 quem
808 2339 825 2365 2
852 2346 909 2365 om.
937 2335 971 2364 in
1017 2339 1036 2364 4
1059 2332 1199 2372 absfilsit
1246 2334 1278 2371 9,
1314 2338 1326 2364 1
1356 2343 1422 2374 quo
1450 2344 1481 2373 q.

77 2417 105 2438 c.
129 2391 273 2448 popilius
328 2406 384 2444 10,
404 2410 422 2436 2
451 2393 560 2436 conss.
586 2405 681 2436 aelius
722 2408 741 2434 3
764 2403 872 2434 Prace
903 2402 994 2444 vulyo
1021 2403 1192 2444 interpuny.
1222 2403 1483 2443 deprecabatur3

77 2473 145 2504 prae
171 2473 206 2495 se
235 2481 274 2486 —-
301 2464 573 2501 intercessurum,
615 2462 780 2501 collegam
805 2461 878 2492 Em.
906 2460 984 2491 513.
1049 2461 1103 2497 11,
1132 2465 1149 2491 2
1186 2459 1284 2502 Gryn.
1313 2470 1399 2490 coss
1424 2470 1484 2500 pro

80 2529 184 2558 cons„
219 2519 290 2551 inde
315 2519 374 2551 alii
399 2521 576 2551 consulum
599 2519 604 2561 Ι
631 2518 730 2561 Gryn.
759 2519 792 2549 in
820 2524 931 2559 coepto
993 2523 1012 2548 4
1037 2518 1165 2549 bellum
1215 2521 1232 2548 5
1261 2518 1486 2548 decernunt-ur

80 2577 256 2609 Bekkerus.
321 2578 374 2615 12,
416 2582 427 2608 1
464 2583 591 2617 negant
615 2578 656 2608 de
729 2581 746 2607 2
783 2586 891 2606 nouus
960 2576 1014 2614 13,
1044 2579 1057 2606 l
1085 2575 1217 2617 Kreyss.
1245 2576 1277 2605 in
1302 2574 1487 2615 Hispanias

84 2639 102 2666 2
130 2645 172 2666 m.
199 2636 292 2666 iunio
318 2635 506 2666 citeriorem
557 2634 611 2671 15,
643 2638 655 2664 l
683 2634 763 2665 feris
813 2637 832 2663 2
858 2633 1032 2664 habituros
1081 2637 1099 2664 3
1122 2643 1191 2674 rep.

1481 325 1501 353 ti

1484 462 1501 471 .-

1489 476 1497 494 Ι

1486 600 1506 634 ὃ

1488 809 1508 841 9

1486 872 1682 902 Α.ιι,ο.582.

1494 917 1703 948 A.c}11·.17‘2.

1499 978 1543 1011 10

1504 1160 1540 1192 ll

1513 1647 1555 1681 13

1512 1785 1555 1818 14

1515 1923 1558 1958 15
