1742 2902
462 119 564 149 Liber
589 118 682 150 XLI.
736 119 798 159 (A.
827 118 905 151 Chr.
939 120 1034 160 174.)
1348 123 1396 158 29

41 241 211 289 cogitare
239 241 355 285 iubet,
387 242 580 289 quomodo
608 242 645 277 in
669 230 854 289 reliquum
883 243 956 279 hoc
980 255 1135 279 munere
1159 254 1234 278 non
1258 254 1454 291 egeamus,

42 311 114 348 hoc
145 317 223 353 est,
264 317 303 346 ut
334 311 548 355 decretum,
594 323 670 358 quo
701 319 877 347 arcentur
909 312 1176 360 Peloponneso
1209 312 1455 355 Macedones,

42 380 244 424 tollamus,
275 392 405 416 rursus
436 381 583 429 legatos
613 380 741 428 regios
770 387 807 416 et
838 381 1006 428 hospitia
1039 394 1122 418 cum
1156 382 1388 429 principibus
1418 388 1455 417 et

43 462 132 486 mox
163 449 418 485 Macedonum
452 450 654 493 exercitus,
685 449 809 497 ipsum
840 463 994 498 quoque
1020 464 1043 486 a
1067 452 1226 499 Delphis
1252 454 1454 498 (quantum

42 518 140 555 enim
168 518 348 555 interfluit
370 518 556 561 fretum?)
588 519 821 555 traicientem
847 520 885 555 in
909 520 1217 568 Peloponnesum
1243 521 1454 565 videamus,

41 588 309 625 inmisceamur
346 588 624 624 Macedonibus
666 589 903 625 armantibus
941 602 981 625 se
1021 590 1206 626 adversus
1245 592 1453 628 Romanos.

41 658 125 706 Ego
156 657 249 693 nihil
272 657 362 692 novi
384 669 520 693 censeo
547 657 825 694 decernendum
851 659 1119 706 servandaque
1141 660 1269 695 omnia
1294 660 1454 707 integra,

40 727 161 764 donec
191 727 240 762 ad
271 735 413 762 certum
436 726 644 774 redigatur,
675 739 848 763 vanusne
871 729 931 764 hic
957 729 1069 765 timor
1103 738 1232 764 noster
1262 742 1310 764 an
1341 742 1454 766 verus

39 795 162 834 fuerit.
207 796 248 833 Si
278 808 356 844 pax
386 796 572 832 inviolata
592 796 690 832 inter
711 798 946 834 Macedonas
968 799 1242 846 Romanosque
1274 800 1453 844 manebit,

39 865 149 901 nobis
180 878 334 913 quoque
371 865 539 901 amicitia
569 871 606 901 et
635 867 903 903 commercium
935 868 1003 912 sit;
1048 880 1147 904 nunc
1187 868 1233 904 de
1269 881 1314 904 eo
1347 881 1455 915 agere

38 935 292 984 periculosum
325 943 362 971 et
391 935 622 970 inmaturum
655 937 867 972 viiletur.“·

178 1006 274 1041 Post·
318 1005 418 1040 hunc
458 1005 610 1050 Archo,
654 1005 774 1042 frater
805 1006 1004 1042 Xenarchi
1045 1008 1238 1054 praetoris,
1282 1009 1335 1044 ita
1377 1009 1452 1044 dis-

38 1075 176 1112 seruit:
226 1075 456 1119 „Difficilem
497 1076 709 1112 orationem
743 1075 968 1112 Callicrates
999 1084 1035 1112 et
1069 1077 1159 1112 mihi
1198 1085 1233 1113 et
1265 1078 1453 1123 omnibus,

39 1145 104 1194 qui
134 1147 183 1182 ab
215 1158 260 1182 eo
291 1145 547 1189 dissentimus,
577 1146 686 1189 feeit3
732 1147 881 1194 agendo
913 1146 1011 1182 enim
1043 1147 1229 1182 Romanae
1259 1149 1454 1184 societatis

38 1227 194 1252 eausam
233 1215 315 1263 ipse
352 1215 608 1264 temptarique
648 1223 685 1252 et
721 1216 938 1264 oppugnari
969 1216 1152 1260 dicendo,
1194 1230 1308 1265 quam
1340 1231 1453 1255 nemo

37 1297 161 1333 neque
191 1292 352 1333 temptat
382 1298 506 1333 neque
533 1294 752 1334 oppugnat,
787 1286 932 1330 effecit,
965 1292 1024 1329 ut,
1064 1285 1128 1333 qui
1160 1287 1207 1321 ab
1239 1299 1279 1322 se
1309 1287 1453 1323 dissen-

37 1354 136 1399 tiret,
167 1355 351 1391 adversus
377 1356 575 1392 Romanos
600 1356 726 1392 dicere
751 1356 957 1392 videretur.
1003 1357 1066 1392 Ac
1085 1356 1247 1403 primum
1271 1358 1453 1402 omnium,

39 1430 223 1472 tanquam
264 1438 339 1461 non
377 1426 438 1461 hic
467 1426 666 1462 nobiscum
709 1425 860 1466 fuisset,
903 1426 968 1462 sed
1012 1433 1078 1461 aut
1109 1438 1156 1462 ex
1187 1426 1293 1462 curia
1322 1427 1455 1474 populi

38 1494 205 1532 Romani
242 1495 387 1531 veniret
429 1503 495 1531 aut
532 1507 665 1543 regum
707 1495 858 1531 arcanis
888 1495 1110 1540 interesset,
1151 1496 1281 1531 omnia
1321 1497 1391 1532 scit
1421 1505 1458 1532 et.

38 1564 209 1609 nuntiat,
249 1577 334 1612 quae
374 1564 521 1601 occulte
558 1564 662 1601 facta
699 1573 797 1601 sunt.
864 1566 1026 1601 Divinat
1054 1566 1181 1610 etiam,
1213 1579 1296 1614 qnae
1326 1567 1457 1602 futura

39 1633 192 1679 fuerint,
222 1635 254 1670 si
284 1634 486 1683 Philippus
517 1635 690 1680 vixisset,
722 1636 811 1683 quid
841 1636 896 1671 ita
923 1637 1088 1672 Perseus
1118 1637 1225 1684 regni
1255 1638 1366 1673 heres
1396 1637 1457 1681 sit,

40 1705 129 1752 quid
167 1711 305 1753 parent
332 1705 585 1751 Macedones,
628 1706 719 1753 quid
759 1706 927 1754 cogitent-
954 1707 1133 1743 Romani.
1199 1707 1284 1743 Nos
1315 1716 1455 1752 autem,

39 1773 103 1821 qui
134 1786 214 1820 nec,
246 1776 295 1811 ob
327 1787 439 1822 quam
472 1788 641 1821 causam,
675 1789 757 1821 nec,
785 1776 1106 1824 quemadmodum
1138 1777 1293 1824 perierit
1315 1777 1456 1812 Deme-

39 1844 146 1889 trius,
176 1845 340 1890 scimus,
371 1858 452 1890 nec,
485 1847 575 1894 quid
607 1846 832 1894 Philippus,
863 1846 894 1881 si
926 1846 1096 1888 vixisset,
1126 1846 1298 1882 facturus
1329 1846 1455 1891 fuerit,

41 1914 89 1950 ad
118 1915 220 1960 haec,
262 1928 346 1963 quae
385 1916 512 1963 palam
549 1924 752 1963 geruntur,
797 1916 956 1951 consilia
997 1924 1129 1952 nostra
1160 1917 1455 1952 accommodare

40 1992 202 2032 oportet.
262 1987 324 2022 Ae
353 1984 516 2029 seimus,
546 1985 713 2029 Persea,
743 1997 862 2033 regno
893 1994 1065 2034 accepto,
1095 1999 1225 2034 regem
1257 1999 1279 2022 a
1308 1986 1453 2035 populo

42 2160 60 2188 2
87 2159 249 2190 relicuum
311 2164 330 2191 3
370 2144 624 2201 poeloponneso
674 2161 736 2198 16,
765 2165 783 2192 2
811 2161 919 2202 delpis
962 2165 981 2191 3
1009 2160 1159 2191 interfuit
1185 2160 1288 2192 fretus
1314 2162 1452 2201 (imm-fl,

42 2214 185 2258 Kreyss„
216 2216 314 2259 Gryn.
331 2218 494 2258 interluit)
519 2219 523 2258 Ι
546 2218 839 2260 poloponncnsum
901 2223 921 2248 4
959 2219 1176 2249 inmiscemur
1191 2219 1300 2260 Siyon.
1353 2220 1408 2257 17,
1433 2224 1452 2250 2

41 2274 82 2304 ad
108 2282 233 2306 certum
261 2276 450 2315 dirigantur
481 2276 579 2308 Gron.
637 2276 692 2313 18,
725 2280 734 2306 1
767 2277 970 2307 macedouos
1021 2280 1039 2306 2
1067 2287 1106 2307 eo
1125 2278 1349 2317 periculosum
1378 2277 1450 2319 My.

40 2330 157 2373 (Gryn.
193 2343 232 2363 eo
260 2335 408 2372 cogitare
438 2335 560 2374 peric.)
621 2334 753 2370 XXIV,
781 2334 812 2370 1,
845 2338 856 2364 l
887 2344 966 2364 arco
993 2333 1116 2366 Duker.
1141 2337 1146 2372 1
1169 2336 1319 2366 semu-chi
1371 2335 1404 2372 2,
1432 2340 1450 2366 2

40 2391 238 2431 temtarique
288 2395 306 2422 3
323 2391 425 2422 efficit
487 2392 518 2425 3.
535 2396 554 2423 3
572 2393 683 2423 uenire
698 2399 756 2422 aut
775 2393 899 2422 curiam
917 2402 1030 2431 regum
1059 2393 1192 2423 arcanis
1220 2393 1381 2423 interesse
1433 2397 1453 2423 4

40 2448 180 2477 occultte
228 2448 260 2485 4,
292 2452 305 2479 1
334 2449 456 2479 suturae
482 2449 615 2480 fuerant
645 2449 744 2481 Grou.
807 2449 839 2488 5,
868 2454 886 2479 3
914 2449 1023 2480 fuerat
1048 2449 1158 2491 Sz'yon.
1212 2455 1231 2480 4
1258 2460 1453 2481 accommo-

40 2503 112 2534 dari
175 2505 206 2543 6,
238 2509 250 2536 l
282 2515 422 2547 accepto
448 2517 468 2537 a
495 2507 617 2549 (Gt-yn.
646 2509 707 2547 ad)
734 2508 865 2547 legatos
898 2517 1055 2538 romanos
1092 2509 1226 2539 uenisse
1258 2510 1300 2539 ad
1331 2508 1449 2550 (Gryn.

38 2574 93 2615 ac)
120 2585 233 2615 regem
260 2586 379 2616 persea
403 2577 447 2606 ad
466 2576 586 2618 (Gryn.
616 2580 652 2611 a)
678 2587 726 2617 pr.
755 2576 962 2617 appellatum
990 2575 1121 2618 Kreyss.
1161 2576 1247 2616 (Cfr.
1272 2577 1346 2608 Em.
1374 2576 1452 2609 506

39 2641 69 2662 n.
97 2630 304 2673 Scripseritne
330 2633 444 2664 Livius
470 2635 512 2665 ad
539 2644 655 2674 regem
680 2634 818 2672 Persea,
845 2635 991 2665 incertum
1016 2635 1090 2673 est.)

1490 380 1536 416 16

1492 660 1534 694 17

1488 799 1535 835 18

1511 1003 1566 1050 24

1487 1570 1510 1602 4

1489 1710 1509 1743 5
