1753 2934
463 143 564 174 Liber
589 142 696 174 XLV.
765 143 828 183 (A.
857 142 935 175 Chr.
967 144 1061 184 167.)
1329 146 1405 180 235

66 264 265 313 Philippo,
309 267 501 303 Antiocho
538 267 746 315 superatis,
791 279 873 303 cum
911 269 1074 304 Romam
1114 267 1369 310 venissemus,
1416 279 1462 302 ex

67 335 218 383 publico
248 336 412 384 hospitio
433 337 470 372 in
491 337 632 373 curiam
655 335 884 384 gratulatum
909 337 1030 379 vobis,
1061 343 1187 385 patres
1210 335 1424 384 conscripti,
1442 334 1463 353 ⁴*

66 417 114 440 ex
157 406 261 442 curia
290 406 327 442 in
358 405 586 455 Capitolium
618 407 666 442 ad
693 407 784 442 deos
813 413 960 443 vestros
999 407 1099 443 dona
1137 408 1318 450 ferente53
1364 418 1462 442 nunc

67 488 114 511 ex
143 475 297 512 sordido
327 476 565 519 deversorio,
598 477 664 512 vix
693 477 866 512 mercede
897 477 1039 525 recepti
1076 490 1120 513 ac
1150 489 1269 525 prope
1299 477 1462 513 hostium

65 559 171 583 more
196 553 305 582 extra
333 547 463 582 urbem
494 559 645 582 manere
674 546 786 591 iussi,
830 547 866 582 in
904 547 976 582 hoc
1009 547 1187 594 squalore
1224 548 1395 583 venimus
1427 547 1464 583 in

65 617 208 653 curiam
240 617 452 653 Romanam
484 616 645 662 Rhodii,
687 628 782 664 quos
812 617 1015 664 provinciis
1042 629 1162 665 nuper
1191 618 1311 666 Lycia
1341 618 1464 665 adque

65 686 201 731 Caria,
248 698 342 734 quos
382 687 545 734 praemiis
588 688 712 735 adque
750 688 956 724 honoribus
997 687 1250 735 amplissumis
1281 688 1462 723 donastis.

64 758 113 794 Et
147 758 380 793 Macedonas
411 757 637 805 Illyriosque
684 757 823 793 liberos
853 769 957 800 esse,
999 764 1039 793 ut
1081 757 1274 800 audimus,
1314 756 1463 793 iubetis.

65 840 148 864 cum
180 827 402 871 servierint,
432 834 635 875 antequam
667 828 862 864 vobiscum
894 827 1094 871 bellarent,
1126 829 1210 873 (nec
1240 827 1462 874 cuiusquam

64 896 224 933 fortunae
240 897 462 941 invidemus,
479 897 594 932 immo
612 897 852 945 agnoscimus
869 897 1104 933 clementiam
1122 897 1252 946 populi
1268 896 1464 942 Romani),

63 967 247 1011 Rhodios,
279 968 342 1015 qui
372 967 463 1003 nihil
493 967 595 1003 aliud
627 979 741 1014 quam
773 967 994 1014 quieverunt
1023 968 1095 1003 hoc
1115 967 1228 1008 bello,
1257 968 1386 1002 hostes
1417 979 1465 1002 ex

64 1037 176 1074 sociis
205 1037 342 1074 facturi
372 1037 489 1073 estis?
547 1036 659 1074 Certe
691 1036 811 1072 eidem
844 1047 914 1072 vos
947 1037 1035 1072 estis
1067 1037 1250 1079 Romani,
1286 1037 1349 1084 qui
1379 1037 1464 1072 ideo
1497 1036 1512 1068 ἶ

63 1106 189 1143 felicia
218 1108 317 1144 bella
351 1114 478 1143 vestra
509 1119 602 1151 esse,
634 1106 724 1154 quia
752 1106 852 1142 iusta
881 1106 966 1149 sint,
997 1119 1074 1154 prae
1106 1107 1215 1142 vobis
1246 1106 1364 1149 fertis,
1396 1118 1465 1142 nec

63 1182 141 1213 tam
173 1177 275 1213 exitu
307 1190 456 1222 corum,
496 1177 598 1224 quod
627 1176 809 1221 vincatis,
852 1189 966 1225 quam
997 1176 1212 1225 principiis,
1258 1177 1359 1224 quod
1390 1189 1465 1212 non

64 1247 144 1283 sine
177 1259 294 1283 causa
323 1247 549 1294 suscipiatis,
578 1247 805 1295 gloriamini.
872 1248 1052 1282 Messana
1083 1247 1121 1282 in
1152 1247 1282 1284 Sicilia
1315 1259 1464 1295 oppug-
1510 1249 1516 1254 '

63 1323 155 1353 nata
185 1316 541 1366 Carthaginienses,
583 1318 745 1353 Athenae
775 1323 1007 1365 oppugnatae
1031 1323 1068 1352 et
1099 1316 1251 1354 Graecia
1280 1318 1318 1353 in
1348 1318 1465 1354 servi-

64 1394 181 1424 tutem
212 1387 330 1436 petita
361 1393 397 1423 et
427 1387 576 1423 adiutus
609 1386 805 1422 Hannibal
837 1386 1017 1435 pecunia.
1059 1387 1208 1423 auxiliis
1245 1387 1464 1436 Philippum

63 1458 211 1494 hostem
252 1457 433 1494 fecerunt.
494 1457 708 1493 Antiochus
745 1458 826 1505 ipse
862 1457 982 1501 ultro,
1024 1458 1072 1493 ab
1109 1457 1252 1493 AEtolis
1295 1458 1466 1494 hostibus

65 1528 199 1564 vestris
231 1528 447 1572 accersitus,
477 1539 524 1562 ex
554 1527 652 1563 Asia
683 1527 804 1563 classe
836 1527 875 1563 in
906 1527 1096 1564 Graeeiam
1127 1528 1294 1571 traiecit-;
1325 1529 1465 1565 Deme-

64 1598 184 1634 triade
214 1604 250 1634 et
280 1596 460 1634 Chalcide
491 1604 527 1632 et
556 1597 654 1632 saltu
684 1597 1029 1645 Thermopylarum
1061 1604 1268 1646 occupato,
1298 1599 1344 1635 de
1374 1612 1464 1647 pos-

63 1667 231 1704 sessione
269 1667 416 1715 imperii
458 1679 528 1703 vos
566 1667 712 1703 deicere
749 1673 906 1703 conatus
946 1674 1008 1703 est.
1073 1666 1167 1704 Cum
1199 1670 1342 1706 Perseo
1372 1670 1465 1706 socii

62 1737 179 1773 vestri
222 1737 443 1785 oppugnati,
484 1737 546 1773 alii
584 1737 791 1782 interfecti,
821 1739 887 1774 aliz·
914 1739 1013 1774 eiecti
1039 1739 1159 1786 reguli
1200 1739 1464 1788 principesque

61 1807 228 1856 gentium
257 1813 323 1843 aut
351 1808 579 1857 populorum
609 1820 726 1844 causa
756 1808 844 1844 belli
874 1808 982 1844 vobis
1005 1808 1122 1845 fuere.
1167 1809 1288 1855 Quem
1311 1810 1463 1846 tandem

61 1877 208 1914 titulum
239 1884 370 1914 nostra
399 1878 596 1914 calamitas
625 1877 804 1914 habitura
833 1884 900 1923 est,
931 1879 962 1914 si
982 1879 1139 1927 perituri
1159 1879 1318 1915 sumus?
1355 1881 1463 1916 Non-

61 1948 149 1985 dum
181 1960 340 1997 segrego
373 1948 536 1984 civitatis
568 1960 721 1984 causam
753 1961 776 1984 a
806 1948 1015 1997 Polyarato
1047 1956 1081 1985 et
1113 1949 1287 1986 Dinone.
1319 1951 1463 1987 civibus

60 2191 80 2218 3
107 2188 240 2219 antioco
301 2191 318 2218 5
358 2188 462 2218 donas
488 2187 567 2219 Post
599 2188 778 2229 conscripti
810 2195 866 2220 aut
893 2195 965 2230 post
989 2189 1134 2220 ferentes
1162 2189 1313 2221 excidisse
1339 2191 1461 2221 verbum

60 2245 220 2286 (ibamus,
247 2245 521 2285 deducebamur)‚
549 2244 658 2287 Sicyon.
681 2252 710 2277 et
725 2244 887 2277 Cret-erius
907 2246 1128 2278 intellexerunt.
1166 2247 1199 2285 2,
1227 2251 1244 2278 2
1273 2248 1461 2279 dium-sorio

61 2303 66 2344 l
93 2304 223 2344 decepti
279 2307 299 2334 3
327 2304 442 2334 orbem
491 2306 508 2333 5
536 2309 624 2334 carta
651 2313 735 2344 quos
761 2305 898 2335 reminis
921 2306 925 2344 Ι
947 2305 1220 2345 amplissimumis
1246 2304 1365 2347 (Gryn.
1389 2316 1462 2337 am-

58 2360 229 2402 plissimis)
280 2360 320 2397 3,
349 2365 362 2392 l
393 2366 425 2391 et
446 2370 602 2392 mecenas
631 2362 836 2403 illyriosquae
864 2362 1014 2393 liberissc
1043 2367 1080 2392 ut
1126 2361 1159 2399 4,
1187 2367 1204 2393 2
1230 2363 1322 2393 inmo
1355 2364 1360 2402 Ι
1395 2364 1460 2394 cle-

59 2419 192 2450 mentiae
241 2423 260 2450 3
280 2419 362 2449 nihil
387 2418 468 2449 alibi
494 2427 594 2458 quam
615 2420 671 2459 qui
695 2419 829 2451 fuerunt
870 2420 901 2455 ξ),
924 2423 936 2450 l
960 2426 1048 2450 certe
1066 2421 1201 2461 quidem
1218 2431 1278 2452 uos
1298 2420 1369 2462 My.
1385 2420 1457 2452 Em.

63 2473 132 2507 601
169 2479 188 2507 2
213 2477 310 2508 uobis
336 2475 428 2507 festis
454 2485 515 2507 nce
565 2480 584 2507 3
607 2478 734 2508 exitum
756 2479 760 2515 1
783 2487 860 2508 num
880 2478 950 2508 sine
999 2477 1030 2515 6,
1049 2481 1061 2508 l
1083 2488 1218 2510 mesana
1259 2482 1277 2509 2
1305 2479 1461 2509 athennae

62 2533 241 2573 flgraeciam
289 2533 320 2572 7,
338 2538 351 2565 l
372 2534 548 2565 anthiocus
586 2539 604 2564 2
633 2535 741 2565 traicit
789 2539 807 2566 3
835 2535 963 2566 calcide
984 2539 989 2574 1
1012 2536 1272 2576 termopylarum
1311 2541 1329 2566 4
1357 2545 1458 2567 cona-

58 2607 112 2633 tus
138 2612 214 2634 cum
240 2602 311 2644 My.
362 2603 394 2641 8,
416 2607 434 2633 2
461 2590 663 2644 occpugnati
688 2614 788 2644 supra
811 2605 926 2645 scripto
951 2614 972 2645 p
989 2604 992 2644 ’ρ
1010 2604 1176 2636 interfecti
1190 2605 1297 2646 reguli
1323 2605 1431 2638 Weiss.
1455 2608 1457 2612 ’

57 2659 300 2701 priscispesque
345 2665 365 2691 4
384 2660 410 2692 si
427 2661 550 2702 periuri
605 2660 636 2699 9,
654 2665 671 2691 2
690 2661 857 2701 poliarato
879 2665 882 2700 1
907 2662 1005 2692 dione
1028 2661 1124 2694 Gron.
