1742 2902
451 132 556 163 Liber
579 132 689 164 XLII.
741 132 802 173 (A.
831 131 909 164 Chr.
942 132 1036 173 171.)
1324 135 1390 169 101

770 217 791 231 Χ

38 255 235 294 Romanis.
313 254 448 291 Aehaei
491 254 695 289 iuventutis
740 265 829 298 suae,
875 252 1026 290 Cretico
1075 253 1243 289 maxime
1287 259 1450 298 armatu,

40 325 88 362 ad
119 324 219 360 mille
249 324 285 360 D
318 324 513 360 dederunt.

150 393 230 429 Sub
275 394 372 429 idem
419 400 568 440 tempus
599 398 635 428 et
665 392 708 429 C.
741 393 940 429 Lucretius
971 399 1130 440 praetor,
1182 394 1245 440 qui
1289 394 1451 430 navibus

37 469 200 512 praeerat
230 463 277 498 ad
312 462 612 512 Cephalleniam,
644 462 696 497 M.
719 462 893 497 Lucretio
921 461 1039 497 fratre
1070 475 1154 498 cum
1186 464 1308 499 classe
1338 476 1453 511 super

37 533 204 569 Maleam
251 531 470 568 Chalcidem
516 533 619 568 iusso
666 538 807 579 petere,
857 531 938 578 ipse
984 532 1175 568 triremem
1221 534 1451 577 conscendit,

37 602 158 638 sinum
214 600 452 638 Corinthium
514 609 645 650 petens
706 601 753 636 ad
819 603 1144 649 praeoccupandas
1205 603 1240 638 in
1302 603 1452 638 Boeotia

36 685 108 709 res.
169 672 337 707 Tardior
375 672 408 707 ei
453 671 649 719 navigatio
684 677 841 718 propter
871 671 1126 706 infirmitatem
1160 673 1331 719 corporis
1369 671 1450 707 fuit.

35 741 88 778 M.
107 741 318 785 Lucretius,
350 740 570 777 Chalcidem
590 739 808 782 adveniens,
840 752 923 775 cum
947 753 969 775 a
988 742 1033 778 P.
1056 742 1214 776 Lentulo
1234 742 1450 777 Haliartum

36 810 251 858 oppugnari
297 809 488 849 audisset,
533 809 703 844 nuntium
736 810 908 856 praetoris
940 810 1089 853 verbis,
1139 811 1201 858 qui
1247 812 1452 847 abscedere

36 893 120 917 eum
151 880 239 915 inde
271 880 429 921 iuberet,
462 877 572 913 misit.
638 879 860 914 Boeotorum
893 880 1099 924 iuventute,
1131 894 1215 928 quae
1245 893 1334 928 pars
1366 893 1449 917 cum

35 949 221 987 Romanis
252 950 393 991 stabat,
424 960 507 983 eam
541 961 620 983 rem
653 949 857 996 adgressus
890 949 1062 996 legatus,
1093 963 1116 985 a
1146 951 1332 986 moenibus
1364 951 1453 985 abs-

35 1019 158 1056 cessit.
231 1019 325 1054 Haec
356 1018 482 1053 soluta
512 1018 661 1054 obsidio
692 1019 816 1054 locum
851 1018 958 1054 alteri
982 1031 1092 1055 uovae
1114 1020 1303 1055 obsidioni
1334 1019 1448 1054 dedit.

34 1089 216 1136 Namque
269 1088 460 1135 extemplo
510 1088 565 1125 M.
605 1088 804 1123 Lucretius
858 1100 941 1124 cum
991 1089 1159 1125 exercitu
1211 1089 1361 1132 navali,
1411 1090 1452 1125 X

36 1158 186 1194 milibus
218 1165 467 1201 armatorum,
499 1158 547 1193 ad
578 1159 651 1193 hoc
682 1158 831 1193 duobus
864 1159 1016 1194 milibus
1048 1158 1254 1206 regiorum,
1288 1159 1352 1206 qni
1381 1160 1451 1195 sub

34 1229 223 1264 Athcnaeo
274 1234 402 1271 erant,
450 1228 668 1263 Haliartum
719 1229 984 1273 circumsedit3
1029 1229 1332 1276 parantibusque
1376 1229 1452 1265 iam

34 1309 258 1345 oppugnare
289 1298 508 1345 supervenit
549 1311 572 1333 a
603 1296 749 1333 Creusa
779 1303 933 1345 praetor.
1010 1299 1074 1334 Ad
1104 1298 1203 1334 idem
1244 1298 1325 1334 fere
1355 1306 1450 1334 tem-

33 1379 104 1415 pus
137 1374 174 1402 et
204 1367 252 1402 ab
284 1367 397 1403 sociis
437 1381 555 1404 naves
589 1367 810 1404 Chalcidem
852 1375 1135 1410 convenerunt,
1182 1369 1265 1404 duae
1296 1368 1452 1404 Punicae

36 1426 341 1483 quinqueremes.
374 1437 456 1472 duae
488 1439 536 1473 ab
568 1437 760 1473 Heraclea
791 1450 837 1472 cx
868 1439 996 1473 Ponto
1028 1438 1224 1483 triremes,
1272 1446 1454 1486 quattuor

34 1504 288 1550 Chalcedone,
323 1508 480 1543 totidem
499 1508 640 1548 Sam0,
672 1514 751 1542 tum
789 1507 956 1554 quinque
986 1507 1147 1544 Rhodiae
1179 1508 1453 1554 quadriremes.

35 1576 118 1612 Has
149 1584 310 1624 praetor,
362 1577 451 1625 quia
489 1590 678 1625 nusquam
716 1584 798 1612 erat
830 1577 1060 1613 maritimum
1101 1577 1264 1621 bellum,
1309 1579 1454 1614 remisit

35 1646 160 1682 sociis.
225 1647 277 1682 Et
307 1645 353 1692 Q
371 1646 540 1681 Marcius
571 1646 792 1682 Chalcidem
824 1647 987 1682 navibus
1018 1647 1133 1691 venit,
1166 1647 1294 1696 Alope
1326 1655 1453 1696 capta,

36 1716 185 1761 Larisa,
216 1729 300 1764 quae
331 1715 530 1752 Cremaste
563 1716 710 1761 dicitur,
742 1724 978 1765 oppugnata.
1044 1716 1139 1754 Cum
1171 1718 1232 1754 hie
1262 1725 1384 1754 status
1413 1718 1451 1753 in

35 1785 188 1823 Boeotia
218 1792 340 1829 esset,
376 1787 555 1831 Perseus,
586 1799 670 1823 cum
704 1787 753 1823 ad
783 1787 1008 1836 Sycurium,
1058 1787 1154 1823 sicut
1192 1794 1280 1823 ante
1311 1788 1451 1824 dictum

38 1932 108 1975 My.
138 1934 210 1965 Em.
239 1934 320 1964 540.
378 1933 487 1964 Potuit
520 1934 611 1964 eliam
648 1945 730 1964 esse:
773 1934 835 1964 21]ae
862 1935 960 1964 unius
987 1935 1094 1964 instar
1121 1933 1270 1973 (tantum
1306 1933 1347 1964 ab
1383 1937 1454 1964 tota

37 1998 135 2032 gente
161 1992 311 2032 equitum
338 1992 490 2029 venerat)
518 1996 550 2021 et
578 1991 830 2028 Thessalorum,
859 2002 1000 2031 quorum
1028 1999 1082 2022 cet.
1112 1990 1233 2032 (Gryn.
1257 1991 1327 2021 AEt.
1357 1991 1399 2021 al.
1417 2001 1448 2022 u.

36 2049 148 2087 instar,
176 2055 337 2089 quantum
365 2049 438 2079 int.
467 2058 497 2087 g.
527 2049 676 2088 equitum
701 2054 787 2085 erat,
814 2055 983 2079 venei-aur.
1012 2054 1045 2079 et
1070 2048 1314 2078 Thessalorum
1341 2049 1451 2079 omnis

37 2115 88 2145 eq.
104 2112 277 2147 separatus
292 2111 378 2135 erat:
405 2116 471 2135 non
487 2117 518 2146 p.
535 2116 565 2146 q.
595 2116 652 2136 ccc
679 2112 773 2136 erant
798 2107 927 2146 equites
953 2107 986 2136 in
1017 2116 1043 2136 c.
1061 2106 1119 2142 R.)
1170 2105 1225 2144 10,
1243 2111 1260 2135 4
1277 2106 1318 2135 ad
1339 2106 1453 2136 millea

37 2163 200 2195 dederunt
226 2162 356 2204 Kreyss.
397 2162 514 2204 (Gryn.
550 2164 590 2193 ad
618 2164 709 2193 mille
735 2164 827 2203 ded.)
896 2163 990 2201 LVI,
1018 2163 1049 2198 1,
1078 2167 1096 2193 2
1133 2163 1380 2202 cephallaniam
1432 2167 1451 2194 3

37 2221 179 2252 maleum
207 2220 533 2260 calcidemlpeterct
567 2225 586 2251 4
614 2221 793 2251 corintium
812 2221 1109 2261 lprooccupandas
1144 2219 1208 2257 2st
1239 2221 1452 2251 tarcum-emi-

37 2279 209 2319 nauigatio
266 2278 298 2315 3,
331 2282 342 2308 l
372 2278 534 2309 calcidem
585 2282 603 2308 2
631 2279 763 2309 audisse
793 2279 797 2318 1
827 2279 1067 2309 absconderem
1094 2279 1172 2308 inde
1231 2277 1263 2315 4,
1294 2281 1306 2308 l
1336 2279 1454 2310 boeto-

38 2345 109 2366 rum
135 2337 342 2366 iuuentutem
393 2339 410 2366 2
433 2345 472 2366 ea
498 2345 565 2366 rem
617 2335 648 2373 5,
680 2340 691 2366 l
730 2336 864 2366 obsidio
897 2337 991 2366 cuius
1017 2337 1130 2367 locum
1180 2340 1197 2366 2
1226 2336 1382 2376 exemplo
1434 2340 1454 2367 4

38 2393 182 2424 atheneo
204 2393 209 2434 Ι
232 2394 374 2424 aliarum
402 2394 617 2424 circumsedit
674 2392 705 2429 6,
737 2397 749 2423 l
779 2394 867 2423 idem
894 2393 1006 2424 facere
1033 2400 1165 2434 tempus
1215 2397 1234 2424 2
1265 2394 1452 2425 calchidem

38 2463 58 2492 3
84 2461 149 2492 duo
176 2462 218 2492 ab
268 2465 288 2492 4
315 2462 500 2493 calcedone
525 2462 815 2492 totidemamotum
842 2462 990 2503 quinque
1040 2461 1070 2498 7,
1095 2466 1108 2493 1
1129 2457 1214 2503 phas
1240 2450 1288 2504 pr.
1319 2462 1450 2504 Kreyss.

39 2516 156 2560 (Gryn.
184 2519 422 2560 quadriremes.
461 2520 590 2550 Praetor
616 2520 687 2558 ecc.)
746 2524 764 2549 2
793 2520 954 2550 calcidem
977 2520 981 2559 Ι
1004 2520 1194 2561 halopetica
1222 2527 1319 2561 capta
1345 2521 1453 2551 daris-

39 2574 146 2614 adque
173 2583 332 2608 cremaste
372 2576 494 2619 (Gt-yn.
533 2577 677 2618 Halope,
731 2576 829 2608 Gron.
869 2578 990 2618 Alope.
1052 2576 1185 2608 Videtur
1208 2577 1313 2618 fuisse
1339 2577 1452 2618 Alope

37 2629 230 2664 Phthiotica
257 2634 369 2675 capta)
418 2635 450 2673 8,
480 2638 493 2665 l
524 2640 630 2665 status
656 2635 690 2664 in
715 2634 767 2665 his
794 2634 827 2664 in
846 2634 959 2665 boetia
1009 2639 1027 2665 2
1055 2635 1248 2666 suecurium
