1753 2934
167 316 204 350 ll

296 124 373 159 214
657 123 756 154 Liber
781 123 890 155 XLV.
941 125 999 162 (A.
1028 134 1059 154 u.
1086 134 1113 155 c.
1143 125 1235 164 586.)

239 245 436 281 subtracto
483 256 603 291 poenae
648 257 735 281 reo.
779 244 875 281 iram
917 244 1211 282 Samothracum
1245 246 1283 282 in
1321 259 1361 282 se
1391 254 1639 290 converteret,

241 314 398 350 interfici
430 313 651 349 Euandrum
684 314 803 350 iussit.
852 314 938 362 Qua
967 323 1185 363 perpetrata
1214 322 1353 352 temere
1383 317 1496 360 caede,
1525 318 1640 354 subiit

239 382 427 430 extemplo
451 383 630 425 animum,
662 384 699 420 in
722 397 763 420 se
785 385 959 422 nimirum
983 393 1174 434 receptam
1198 386 1335 426 labem,
1367 399 1450 434 quae
1469 387 1638 424 Euandri

237 452 386 496 fuissem
430 453 479 488 ab
509 453 573 489 illo
605 454 765 502 Delphis
806 455 1041 492 volneratum
1074 456 1289 499 Eumenen,
1337 457 1384 492 ab
1423 469 1463 493 se
1502 457 1638 494 Samo·

237 523 377 558 thracae
421 523 642 560 Euandrum
690 525 878 569 occisum3
936 525 989 561 ita
1032 526 1107 562 duo
1158 527 1397 562 sanctissima
1443 526 1480 562 in
1530 528 1638 563 terris

237 592 379 640 templa
409 604 449 628 se
480 606 554 630 uno
585 602 740 631 auctore
780 595 963 642 sanguine
1003 596 1170 632 humano
1202 596 1356 634 violata.
1430 597 1555 633 Huius
1584 598 1637 633 rei

235 662 389 706 crimen,
435 671 614 712 corrupto
658 665 821 712 pecunia
858 665 1068 704 Theonda,
1114 666 1272 710 avertit,
1320 674 1357 702 ut
1406 668 1638 704 renuntiaret

235 732 390 780 populo,
421 733 643 769 Euandrum
675 734 745 770 sibi
776 735 898 783 ipsum
931 743 1089 771 mortem
1122 736 1322 771 conscisse.

345 801 522 839 Ceterum
554 810 660 839 tanto
691 805 860 842 facinore
893 806 929 841 in
957 807 1107 842 unicum
1148 805 1317 841 relictum
1363 805 1524 841 amicum
1570 807 1637 842 ad-

236 872 370 917 misso,
409 886 477 922 per
507 881 563 910 tot
593 887 703 911 casus
734 883 930 924 expertum
977 877 1265 924 proditumque,
1309 876 1398 924 quia
1435 888 1509 912 non
1549 889 1637 925 pro-

235 942 399 988 diderat,
441 945 607 981 omuium
640 946 687 982 ab
718 958 758 982 se
788 947 1021 982 abalienavit
1052 947 1210 983 animos.
1283 948 1362 983 Pro
1406 957 1447 981 se
1478 947 1637 994 quisque

235 1013 397 1050 transire
427 1015 475 1050 ad
507 1017 724 1059 Romanos;
753 1016 927 1064 fugaeque
968 1017 1166 1053 consilium
1197 1030 1334 1066 capere
1364 1016 1485 1052 solum
1518 1030 1637 1066 prope

233 1083 404 1120 relictum
436 1094 659 1134 coegerunt;
705 1086 1002 1134 Oroandemque
1033 1085 1273 1124 Cretensem.
1304 1088 1363 1123 cui
1393 1093 1484 1123 nota
1514 1089 1637 1124 Thre-

234 1153 299 1189 ciae
332 1166 399 1189 ora
431 1163 524 1196 erat,
556 1157 645 1204 quia
677 1166 910 1193 mercaturas
944 1157 980 1192 in
1012 1169 1057 1192 ea
1086 1157 1241 1205 regione
1270 1157 1425 1202 fecerat,
1456 1159 1636 1207 appellat,

234 1230 273 1260 ut
303 1236 342 1260 se
359 1225 548 1261 sublatum
580 1227 615 1261 in
645 1226 809 1262 lembum
833 1227 879 1262 ad
899 1226 1034 1276 Cotym
1053 1227 1266 1265 deveheret.
1312 1228 1548 1265 Demetrium
1581 1236 1637 1265 est·

235 1302 365 1342 portus
399 1295 436 1331 in
467 1297 730 1344 promuntorio
762 1297 928 1343 quodam
961 1296 1244 1338 Sam01hraeae;
1292 1298 1344 1334 ibi
1382 1299 1528 1335 lembus
1559 1306 1636 1335 sta-

235 1364 310 1401 bat.
379 1365 458 1402 Sub
489 1379 666 1402 oceasum
698 1367 788 1402 solis
820 1366 1052 1411 deferuntur,
1087 1380 1169 1415 quae
1201 1368 1249 1403 ad
1283 1381 1388 1404 usum
1420 1369 1637 1405 necessaria

234 1442 360 1479 erant;
393 1436 562 1472 defertur
592 1438 830 1485 et'peeunia,
861 1445 1005 1485 quanta
1035 1437 1132 1473 elam
1164 1437 1302 1473 deferri
1333 1445 1495 1487 poterat.
1552 1440 1634 1476 Rex

232 1505 312 1553 ipse
350 1515 460 1542 noete
506 1508 632 1544 media
691 1521 774 1544 cum
821 1507 941 1543 tribus
992 1508 1150 1544 consciis
1192 1508 1291 1557 fugae
1337 1521 1407 1557 per
1450 1509 1637 1557 posticum

232 1577 366 1612 aedium
398 1577 434 1612 in
479 1578 703 1625 propincum
736 1578 908 1614 cubiculo
939 1579 1088 1614 hortum
1122 1579 1246 1626 adque
1279 1578 1388 1624 inde,
1432 1579 1637 1615 maceriam

233 1659 331 1695 aegre
377 1655 658 1696 transgressus,
713 1648 760 1684 ad
813 1660 917 1684 mare
967 1649 1149 1696 pervenit.
1242 1648 1442 1685 Oroandes
1492 1656 1635 1684 tautum

230 1723 409 1761 moratus.¹
444 1718 531 1753 dum
563 1718 724 1766 pecunia
755 1719 985 1763 deferretur,
1015 1719 1146 1767 primis
1177 1719 1341 1754 tenebris
1373 1719 1539 1755 solverat
1569 1732 1635 1754 na-

234 1800 317 1823 vem
349 1800 394 1823 ac
422 1801 490 1836 per
520 1788 637 1824 altum
657 1788 809 1825 Cretam
843 1790 1007 1837 petebat.
1074 1791 1286 1837 Postquam
1319 1789 1354 1824 in
1386 1797 1496 1837 portu
1528 1789 1636 1824 navis

232 1870 305 1893 non
334 1858 487 1894 inventa
518 1865 592 1899 est,
640 1867 803 1907 vagatus
833 1860 998 1895 Perseus
1038 1859 1271 1907 aliquamdiu
1318 1859 1354 1894 in
1393 1858 1522 1902 litore,
1568 1870 1636 1906 po-

232 1936 384 1973 stremo,
416 1929 549 1965 timens
579 1930 700 1966 lucem
731 1929 805 1965 iam
838 1929 1221 1978 adpropinquantem,
1250 1929 1287 1965 in
1318 1928 1520 1977 hospitium
1552 1928 1636 1964 red-

230 1998 284 2034 ire
322 2011 397 2034 non
429 2012 564 2044 ausus,
609 2000 645 2036 in
676 2000 795 2036 latere
826 2000 957 2048 templi
986 2012 1106 2048 prope
1132 1999 1310 2048 angulum
1338 1999 1539 2035 obscurum
1571 1998 1636 2034 de-

231 2199 248 2223 4
276 2201 498 2224 §amoti-acum
522 2196 526 2233 l
550 2200 801 2225 conuerteretur
828 2194 1043 2224 interficietur
1103 2193 1155 2225 11.
1188 2196 1197 2222 1
1232 2192 1338 2222 caedes
1364 2192 1450 2222 subit
1510 2195 1528 2221 :3
1556 2180 1636 2222 euu-

229 2260 337 2282 mense
364 2252 405 2281 ab
433 2262 467 2282 se
495 2259 683 2283 samotrace
736 2257 753 2282 4
770 2253 853 2282 duos
905 2255 920 2281 ἴ)
939 2252 1082 2281 uiolatus
1123 2250 1176 2283 12.
1204 2255 1221 2280 2
1239 2249 1634 2291 theodonauertiturIlly.

229 2309 301 2340 Em.
322 2309 391 2341 595
419 2322 447 2341 n.
477 2311 593 2351 (σν-μη.
622 2309 791 2340 Theon-la
816 2310 989 2349 avertitur)
1040 2309 1101 2345 VI,
1130 2309 1160 2342 1,
1192 2312 1202 2339 1
1234 2315 1361 2338 tautum
1386 2309 1390 2347 Ι
1413 2308 1534 2339 amisso
1563 2306 1633 2349 My.

231 2367 302 2398 Em.
331 2366 399 2398 5195
427 2368 547 2410 (Gryn.
576 2369 616 2398 ab
644 2368 716 2408 ipso
743 2368 817 2407 per)
868 2371 885 2397 2
913 2374 1083 2407 expertam
1144 2370 1162 2397 3
1190 2366 1399 2396 abalienauis
1457 2364 1488 2400 2,
1516 2369 1534 2395 3
1561 2375 1636 2397 01⁴0-

232 2427 439 2465 eandemque
467 2425 555 2456 fort.
585 2426 774 2457 Oroandem
802 2426 913 2466 itaque
938 2423 940 2452 i
966 2425 1075 2456 troeiae
1103 2423 1217 2466 (Gryn.
1245 2423 1417 2465 Thraciae)
1466 2427 1485 2453 4
1513 2432 1577 2463 qua
1616 2426 1634 2454 5

231 2484 398 2515 sublatum
425 2483 574 2514 lembum
598 2486 601 2522 t
625 2483 724 2514 cotim
780 2483 814 2521 3,
843 2490 860 2513 2
888 2483 1116 2524 promunturio
1140 2483 1145 2522 Ι
1167 2488 1355 2513 samotrace
1383 2483 1415 2512 iu
1437 2481 1565 2512 lembus
1615 2485 1635 2511 4

231 2548 387 2583 poterant
445 2540 478 2574 4.
514 2545 532 2572 2
559 2542 648 2581 fugae
673 2542 838 2583 porticum
889 2545 907 2572 3
935 2549 1043 2572 ortum
1067 2541 1070 2579 i
1094 2540 1265 2570 materiam
1317 2543 1336 2569 4
1362 2539 1555 2580 peruenitur
1603 2537 1635 2575 5,

237 2604 248 2630 l
279 2600 444 2631 oroandes
463 2606 590 2629 tantum
611 2601 688 2630 dum
705 2598 834 2640 KreysS.
869 2599 984 2640 (Gt-yn.
1002 2598 1058 2629 Or.
1086 2599 1151 2628 iam
1177 2604 1259 2634 tum,
1282 2598 1373 2635 dum)
1422 2600 1441 2628 2
1469 2596 1638 2627 deferetur
