1753 2934
173 702 214 735 10

173 982 212 1016 lt

138 1115 189 1160 39

310 163 381 198 198
659 160 759 191 Liber
782 160 908 191 XLIV.
961 160 1023 200 (A.
1049 170 1080 191 u.
1109 171 1135 192 c.
1163 162 1258 202 586.)

249 296 321 331 que
354 284 424 318 viae
453 283 562 317 labor
591 283 703 318 hodie
733 295 854 330 neque
885 284 1009 332 operis
1036 284 1265 333 fatigaverit,
1295 285 1517 332 requietum,
1547 285 1647 322 inte-

246 365 354 400 grum
397 352 432 387 in
474 352 636 388 tentorio
681 365 750 389 suo
795 366 901 390 arma
940 367 1074 402 capere
1111 354 1241 390 iubeas
1281 355 1403 402 adque.
1444 354 1482 389 in
1521 354 1642 390 aciem

247 421 398 469 plenum
429 420 577 464 virium,
609 422 795 470 vigentem
821 431 857 460 et
880 436 1038 472 corpore
1065 433 1100 460 et
1124 425 1249 460 animo
1275 425 1426 470 educas,
1453 437 1501 460 an
1526 425 1647 472 longo·

245 491 377 526 itinere
410 490 609 539 fatigatum
647 501 683 528 et
721 505 834 541 opere
865 493 1018 537 fessum,
1048 495 1260 531 madentem
1294 495 1442 539 sudore,
1477 494 1642 530 ardenti-

248 561 317 596 bus
347 561 407 596 siti
437 561 629 606 faucibus,
667 575 731 598 ore
769 564 892 610 adque
936 564 1052 600 oculis
1091 564 1241 613 repletis
1277 564 1443 612 pulvere,
1476 572 1644 601 torrente

248 630 457 667 meridiano
491 631 589 676 sole,
632 631 731 668 hosti
771 633 914 669 obicias
953 634 1110 678 recenti,
1146 634 1337 682 requieto,
1377 634 1439 681 qui
1469 635 1572 670 nulla
1600 648 1643 671 re

247 708 335 735 ante
374 709 591 737 consumtas
641 702 739 738 vires
778 703 827 738 ad
856 703 1027 751 proelium
1059 703 1231 740 adferat?
1275 704 1387 750 Quis,
1431 716 1500 752 pro
1529 704 1641 740 deum

246 770 377 815 fidem,
418 771 471 806 ita
500 781 750 819 conparatus,
792 773 851 809 vel
888 773 986 808 iners
1017 773 1140 820 adque
1179 773 1357 818 imbellis,
1396 773 1645 810 fortissimum·

247 840 368 876 virum
407 853 474 876 non
512 840 672 877 vicerit?
720 841 845 889 Quid,
897 843 998 890 quod
1036 844 1163 879 hostes
1203 857 1270 892 per
1305 857 1492 880 summum
1523 844 1645 880 otium·

248 909 506 946 instruxerant
558 912 697 957 aciem,
762 923 1072 961 praeparaverant
1123 914 1288 959 animos,
1346 915 1499 951 stabant
1552 927 1641 951 con-

250 980 363 1027 positi
393 981 469 1016 suis
515 981 673 1030 quisque
718 982 933 1027 ordinibus,
984 983 1092 1019 nobis
1129 991 1216 1019 tunc
1256 994 1409 1032 repente
1450 985 1646 1033 trepidan-

246 1048 335 1084 dum
372 1049 410 1085 in
455 1051 534 1087 acie
578 1052 796 1088 instruenda
839 1060 920 1088 erat
957 1061 993 1088 et
1030 1053 1275 1102 inconpositis
1319 1053 1648 1091 concurrendum?

247 1120 321 1163 At,
365 1120 536 1165 hercule,
580 1122 698 1158 aciem
746 1123 894 1170 quidem
935 1123 1163 1159 inconditam
1201 1123 1532 1172 inordinatamque
1575 1124 1644 1160 ha-

248 1189 482 1235 buissemus,
530 1192 595 1227 sed
623 1199 749 1228 castra
778 1193 940 1237 munita,
985 1193 1175 1242 provisam
1213 1185 1476 1240 aquationem,
1522 1203 1642 1230 tutum

247 1259 296 1294 ad
326 1272 408 1295 eam
441 1260 511 1296 iter
540 1262 722 1309 praesidiis
753 1263 936 1310 inpositis,
957 1263 1157 1312 explorata
1181 1263 1281 1299 circa
1301 1263 1445 1307 omnia,
1475 1277 1523 1298 an
1551 1264 1644 1300 nihil

248 1328 367 1363 nostri
399 1327 618 1380 [habentes]
650 1341 786 1380 praeter
807 1332 948 1368 nudum
973 1345 1161 1381 campum,
1191 1334 1227 1369 in
1258 1346 1332 1380 quo
1362 1333 1644 1381 pugnaremus?

247 1397 416 1434 Maiores
447 1401 561 1437 vestri
591 1410 717 1439 castra
747 1403 892 1438 munita
914 1411 1064 1451 portum
1091 1402 1139 1437 ad
1163 1414 1292 1438 omnes
1323 1414 1432 1439 casus
1456 1404 1645 1440 exercitus

250 1467 440 1504 ducebant
469 1483 563 1516 esse,
595 1473 691 1509 unde
720 1473 768 1509 ad
792 1485 957 1521 pugnam
985 1473 1140 1515 exirent,
1165 1484 1239 1520 quo
1262 1472 1391 1509 iactati
1420 1481 1649 1522 tempestate·

249 1551 385 1586 pugnae
415 1549 607 1589 receptum
637 1543 831 1579 haberent.
890 1543 1004 1588 Ideo,
1041 1555 1123 1579 cum
1155 1542 1393 1579 munimentis
1424 1556 1469 1579 ea
1498 1544 1648 1592 saepsis-

249 1618 344 1653 sent,
373 1611 548 1658 praesidio
582 1625 733 1660 quoque
762 1613 889 1648 valido
923 1613 1138 1655 firmabant,
1169 1612 1291 1660 quod,
1322 1613 1385 1660 qui
1415 1614 1548 1649 castris
1580 1626 1647 1650 ex-

250 1687 334 1713 utus
365 1688 458 1725 erat,
492 1681 639 1717 etiamsi
670 1683 875 1731 pugnando
909 1683 989 1719 acie
1017 1683 1178 1727 vicisset,
1209 1695 1277 1730 pro
1309 1682 1408 1718 vieto
1431 1683 1648 1719 haberetur.

250 1747 389 1785 Castra
428 1760 515 1786 sunt
559 1751 690 1788 victori
735 1753 1034 1801 receptaculum,
1080 1754 1179 1789 victo
1219 1753 1446 1801 perfugium.
1520 1752 1645 1799 Quam

249 1820 356 1856 multi
401 1821 608 1867 exercituS,
652 1823 787 1870 quibus
828 1823 949 1859 minus
987 1835 1171 1871 prospera
1207 1835 1342 1870 pugnae
1382 1821 1534 1858 fortuna
1563 1822 1647 1867 fuit,

248 1890 348 1926 intra
377 1891 518 1928 vallum
551 1892 741 1941 conpulsi,
781 1901 951 1941 tempore
980 1905 1070 1938 suo,
1110 1893 1295 1928 interdum
1328 1899 1516 1927 momento
1547 1898 1647 1940 post,

249 1961 447 2009 eruptione
476 1961 575 1999 facta
607 1963 788 2000 victorem
819 1964 964 1999 hostem
998 1961 1247 2011 pepulerunt?
1278 1962 1412 1998 Patria
1440 1961 1560 1997 altera
1591 1970 1648 1998 est

249 2031 422 2068 militaris
451 2033 530 2069 haec
555 2033 675 2079 sedes,
705 2033 923 2081 vallumque
952 2046 1020 2082 pro
1045 2033 1229 2069 moenibus
1252 2041 1287 2069 et
1311 2031 1511 2068 tentorium
1536 2044 1645 2068 suum

249 2101 385 2148 cuique
422 2102 530 2139 militi
571 2104 705 2140 domus
744 2116 787 2140 ac
824 2111 980 2152 penates
1014 2110 1111 2139 sunt.
1186 2102 1274 2140 Sine
1314 2102 1390 2138 ulla
1430 2102 1519 2137 sede
1557 2101 1650 2150 vagi*

249 2170 555 2218 dimicassemus3
596 2182 634 2210 ut
665 2187 740 2222 quo
770 2174 933 2210 victores
962 2186 1031 2210 nos
1060 2172 1340 2221 reciperemus?
1384 2172 1455 2208 His
1486 2171 1649 2208 difficul-

247 2319 279 2357 8,
296 2323 313 2349 2
340 2320 454 2351 labore
511 2325 529 2352 3
556 2322 627 2352 acie
664 2304 696 2352 '4
722 2322 867 2352 educans
942 2322 1005 2359 9‚1
1035 2321 1077 2350 ad
1102 2320 1204 2360 longo
1260 2323 1278 2350 ‘2
1306 2328 1404 2350 encre
1421 2329 1518 2359 supra
1530 2317 1654 2358 scripto·

248 2387 267 2408 0
290 2376 421 2419 Kreyss.
452 2378 571 2421 (ΟΨ-ιι.
598 2380 711 2418 onere)
735 2379 739 2420 1
764 2377 954 2409 Florebcllus
979 2378 1145 2409 arentibus
1206 2382 1224 2407 3
1257 2383 1434 2408 torrentem
1463 2375 1650 2407 Perizonius

249 2439 269 2465 4
296 2436 408 2476 quieto
438 2437 536 2468 (Jron.
587 2438 673 2475 10,3
702 2438 808 2468 uirum
830 2437 949 2467 uicerit
970 2438 975 2474 Ι
997 2436 1091 2467 hoste
1128 2440 1147 2465 ⁴
1174 2442 1409 2476 reparaueraut
1431 2431 1650 2474 Nipperdeius

249 2493 304 2530 11,
335 2497 346 2524 1
377 2495 622 2535 trepidantdum
692 2494 858 2533 XXXIX,
885 2495 915 2532 1,
943 2497 954 2524 1
985 2494 1027 2524 ad
1065 2497 1083 2524 2
1109 2493 1342 2524 habuissemus
1368 2499 1475 2523 castra
1503 2490 1575 2531 My.
1625 2493 1646 2521 3

250 2551 416 2582 anniuihil
456 2557 475 2583 4
501 2553 662 2584 habentes
689 2553 806 2585 notavit
831 2551 901 2594 My.
931 2551 1001 2582 Em.
1029 2550 1100 2582 567
1160 2550 1192 2587 2,
1224 2554 1235 2581 l
1265 2551 1372 2581 omnis
1420 2550 1452 2587 3,
1485 2553 1495 2579 l
1526 2556 1651 2579 eassae-

250 2609 377 2649 pisscnt
400 2608 496 2641 Gron.
515 2610 635 2653 (Gryn.
651 2622 689 2642 ea
703 2611 883 2652 sepissent)
931 2609 964 2647 4,
981 2613 998 2640 2
1013 2609 1155 2640 fortunae
1203 2608 1233 2646 5,
1255 2609 1421 2649 lpatriam
1441 2607 1578 2638 alteram
1598 2611 1656 2637 est-

250 2679 388 2710 militari
416 2687 466 2711 est
489 2679 559 2712 baec
608 2684 625 2711 2
653 2682 816 2712 tenorium
867 2669 1101 2719 suitmseuique
1149 2681 1168 2708 3
1194 2685 1341 2719 paenates

1748 2290 1753 2380 ἱ

1742 2498 1752 2624 ἔ,

1733 2629 1750 2934 i
