1753 2934
622 142 696 174 Lib.
724 141 981 174 LVI—LVIII.
1399 145 1449 180 49

103 281 274 303 servorum
303 283 404 303 manu
437 279 469 303 et
499 272 618 303 solutis
644 273 823 311 ergastulis
850 273 924 304 iusti
953 274 1118 304 exereitus
1144 283 1316 304 numerum
1346 273 1508 314 implevit.

105 333 208 366 Cleon
235 343 380 375 quoque,
415 333 502 364 alter
531 343 654 370 servus,
681 335 722 364 ad
748 334 845 365 LXX
880 345 1048 365 servorum
1085 336 1266 371 contraxit,
1313 340 1346 365 et
1389 335 1509 366 iunctis

104 395 209 437 copiis
235 396 397 426 adversus
423 395 607 425 exercitum
634 395 822 426 Romanum
851 395 975 426 bellum
1001 406 1086 437 saepe
1113 402 1298 436 gesserunt.

647 500 710 531 EX
738 501 824 532 LIB.
854 502 963 536 LVII.

199 576 312 618 Scipio
337 577 516 608 Africanus
531 577 749 608 Numantiam
778 577 909 608 obsedit
931 583 961 608 et
982 583 1172 618 corruptum
1198 576 1334 608 licentia
1361 577 1510 608 luxuria-

103 647 167 678 que
196 639 378 669 exereitum
411 639 452 669 ad
486 639 731 670 severissimam
769 638 894 669 niilitiae
919 639 1129 680 disciplinam
1156 640 1336 670 revocavit.
1387 639 1511 671 Omnia

103 700 299 731 deliciarum
326 700 549 730 instrumenta
576 700 708 735 recidit,
741 700 806 730 duo
833 699 936 729 millia
970 706 1155 730 scortorum
1183 699 1233 740 [a]
1261 701 1377 731 castris
1402 701 1510 741 eiecit,

103 761 241 792 militem
280 762 427 801 quotidie
465 763 494 792 in
543 771 643 802 opere
685 761 802 791 habuit
844 767 876 791 et
911 760 1014 791 XXX
1054 761 1180 791 dierum
1227 761 1431 793 frumentum
1472 772 1511 793 ac

103 829 259 863 septenos
291 822 395 853 vallos
427 822 513 853 serre
548 823 701 862 cogebat.
753 822 859 862 Assgre
884 827 1021 863 propter
1053 832 1138 852 onus
1165 822 1333 853 incedenti
1361 824 1510 854 dicebat:

106 882 239 923 „Quum
267 884 381 923 gladio
409 891 440 914 te
465 884 589 915 vallare
616 884 745 922 scieris,
782 883 908 914 vallum
935 883 1022 914 serre
1049 883 1235 921 desinit0⁷⁷3
1269 885 1343 922 alii,
1379 890 1510 916 scutum

102 954 220 984 parum
247 944 402 975 habiliter
427 945 565 983 ferenti,
600 946 743 986 amplius
769 954 845 975 cum
872 951 1002 975 scutum
1029 945 1118 975 iusto
1144 944 1248 983 ferre,
1283 955 1391 986 neque
1417 947 1451 976 id
1475 955 1512 977 se

103 1005 364 1045 reprehendere,
411 1007 545 1046 quando
585 1007 703 1038 melius
742 1013 837 1037 scuto
879 1015 976 1046 quam
1020 1005 1132 1045 gladio
1168 1011 1327 1038 uteretur.
1402 1006 1511 1045 Quem

103 1066 240 1097 militem
268 1074 361 1098 extra
385 1068 534 1098 ordinem
566 1068 860 1108 deprehendisset,
903 1067 928 1097 si
956 1067 1129 1098 Romanus
1154 1073 1259 1105 esset,
1299 1069 1440 1106 vitibus,
1484 1069 1513 1100 si

103 1133 299 1164 extraneus,
339 1129 439 1169 virgis
476 1129 606 1159 cecidit.
665 1128 822 1159 Iumenta
854 1128 988 1165 omnia,
1026 1139 1067 1159 ne
1098 1136 1324 1161 exonerarent
1361 1130 1512 1169 militem,

100 1189 264 1220 vendidit.
353 1190 450 1230 Saepe
492 1190 651 1221 adversus
702 1190 894 1230 eruptiones
942 1189 1089 1221 hostium
1141 1189 1284 1221 feliciter
1334 1193 1510 1232 pugnavit.

102 1249 238 1281 Vaccaei
266 1251 412 1283 obsessi.
441 1251 556 1282 liberis
584 1251 852 1291 coniugibusque
878 1251 1067 1290 trucidatis,
1106 1251 1170 1292 ipsi
1197 1261 1232 1283 se
1261 1253 1510 1285 interemerunt.

102 1311 217 1352 Scipio
243 1312 450 1353 amplissima
475 1321 617 1343 munera
643 1313 745 1344 missa
770 1312 832 1343 sibi
869 1312 910 1342 ab
941 1312 1114 1343 Antiocho
1146 1322 1223 1353 rege
1251 1313 1373 1354 Syriae,
1410 1324 1513 1354 quum

102 1372 214 1403 celare
243 1373 317 1404 aliis
345 1374 605 1415 imperatoribus
631 1384 747 1414 regum
773 1383 914 1403 munera
938 1383 1012 1404 mos
1043 1380 1140 1412 esset,
1170 1384 1231 1415 pro
1256 1375 1415 1406 tribunali
1444 1373 1510 1418 [ea]

103 1420 319 1476 accepturum
347 1447 381 1467 se
408 1446 481 1467 esse
515 1437 599 1466 dixit
627 1437 808 1476 omniaque
843 1445 882 1466 ea
917 1440 1113 1475 quaestorem
1140 1435 1263 1467 referre
1295 1437 1329 1467 in
1361 1437 1514 1477 publicas

102 1497 238 1528 tabulas
265 1497 378 1536 iussit3
408 1507 450 1528 ex
478 1498 529 1528 his
555 1507 591 1528 se
616 1497 695 1528 viris
722 1496 865 1528 sortibus
893 1497 982 1527 dona
1007 1497 1173 1528 daturum.
1228 1497 1340 1536 Quum
1366 1499 1515 1539 undique

102 1556 321 1589 Numantiam
367 1559 542 1590 obsidione
590 1559 744 1590 clusisset
791 1564 823 1589 et
874 1558 1030 1589 obsessos
1086 1557 1176 1589 same
1218 1560 1345 1590 videret
1390 1560 1514 1600 urgeri,

103 1617 235 1657 hostes,
270 1620 325 1660 qui
351 1621 546 1661 pabulatum
583 1620 753 1660 exierant,
793 1620 897 1650 vetuit
927 1619 1054 1655 occidi,
1097 1620 1176 1660 quia
1210 1621 1335 1652 diceret
1364 1621 1514 1653 velocius

104 1689 160 1711 eos
186 1680 434 1722 absumpturos,
462 1680 619 1712 frumenti
646 1682 735 1722 quod
760 1681 932 1719 haberent,
960 1681 986 1711 si
1011 1681 1124 1721 plures
1150 1680 1303 1714 fuissent.

639 1787 704 1818 EX
728 1786 816 1818 LIB.
844 1786 975 1819 LVIII.

199 1861 253 1894 Ti.
289 1862 506 1903 Sempronius
537 1862 713 1895 Gracchus
750 1870 789 1895 tr.
833 1864 879 1904 pl.
919 1873 1021 1904 quum
1064 1863 1172 1903 legem
1211 1865 1382 1905 agrariam
1416 1865 1516 1898 ferret

105 1924 262 1955 adversus
288 1925 498 1956 voluntatem
525 1930 662 1957 senatus
693 1930 727 1956 et
759 1925 924 1966 equestris
962 1925 1106 1963 ordinis,
1142 1935 1182 1956 ne
1210 1926 1284 1966 quis
1311 1936 1354 1957 ex
1377 1927 1515 1967 publico

105 1994 186 2025 agro
219 1986 295 2026 plus
329 1995 428 2026 quam
470 1993 514 2019 00
551 1987 669 2026 iugera
705 1987 910 2028 possideret,
945 1986 978 2017 in
1012 1996 1086 2017 eum
1119 1985 1265 2018 furorem
1300 1987 1442 2025 exarsit,
1480 1994 1516 2020 ut

104 2046 153 2077 M.
182 2045 324 2078 Octavio
357 2047 493 2087 collegae
526 2057 661 2079 causam
697 2048 834 2079 diversae
864 2047 970 2089 partis
997 2046 1189 2079 defendenti
1213 2053 1413 2089 potestatem
1440 2049 1517 2090 lege

104 2107 176 2138 lata
218 2108 412 2149 abrogaret,
457 2119 560 2150 seque
594 2115 626 2140 et
663 2108 697 2141 C.
733 2108 924 2140 Gracchum
971 2107 1107 2140 fratrem
1148 2116 1181 2140 et
1207 2110 1298 2151 App.
1336 2109 1518 2142 Claudium

106 2178 257 2200 socerum
283 2170 474 2201 triumviros
499 2171 540 2201 ad
563 2171 777 2202 dividendum
798 2180 917 2211 agrum
932 2176 1071 2201 crearet.
1122 2170 1355 2211 Promulgavit
1369 2178 1402 2202 et
1415 2173 1516 2204 aliam

105 2229 219 2271 legem
248 2233 426 2271 agrariam,
462 2241 529 2272 qua
555 2232 616 2263 sibi
642 2232 743 2263 latius
771 2241 887 2272 agrum
912 2231 1136 2271 patefaceret,
1163 2238 1199 2264 ut
1223 2234 1324 2264 iidem
1351 2233 1517 2264 triumviri

106 2291 306 2331 iudicarent,
333 2302 399 2333 qua
411 2293 566 2334 publicus
580 2303 673 2333 ager,
701 2304 768 2334 qua
789 2293 936 2334 privatus
962 2300 1057 2325 esset.
1106 2294 1250 2334 Deinde,
1277 2305 1379 2336 quum
1405 2296 1515 2327 minus

106 2353 180 2393 agri
197 2358 297 2390 esset,
324 2364 422 2395 quam
449 2356 538 2396 quod
565 2356 668 2386 dividi
692 2362 808 2397 posset
835 2357 905 2390 sine
931 2354 1060 2386 offensa
1085 2357 1185 2387 etiam
1210 2356 1330 2397 plebis,
1359 2355 1517 2398 quoniam

107 2423 165 2446 eos
196 2415 239 2445 ad
271 2416 489 2457 cupiditatem
529 2417 679 2458 amplum
717 2418 854 2448 modum
893 2417 1050 2458 sperandi
1084 2417 1294 2456 incitaverat,
1334 2418 1517 2458 legem.se

106 2474 398 2516 promulgaturum
425 2479 589 2513 ostendit,
625 2484 662 2509 ut
696 2479 763 2514 eis,
800 2479 856 2518 qui
884 2478 1084 2519 Sempronia
1116 2479 1192 2520 lege
1219 2489 1336 2520 agrum
1363 2479 1517 2520 accipere

108 2536 279 2574 deberent,
305 2540 459 2578 pecunia,
486 2549 559 2580 quae
583 2540 671 2580 regis
696 2539 800 2570 Attali
819 2539 947 2578 suisset,
977 2541 1195 2579 divideretur3
1221 2541 1379 2572 heredem
1405 2546 1517 2572 autem

107 2599 269 2639 populum
293 2598 484 2631 Romanum
518 2601 701 2641 reliquerat
724 2601 879 2639 Attalus,
918 2610 976 2632 rex
1009 2602 1184 2642 Pergami,
1217 2601 1381 2633 Eumenis
1413 2602 1515 2633 filius.

110 2660 176 2691 Tot
200 2661 458 2700 indignitatibus
485 2667 672 2693 commotus
705 2663 854 2702 graviter
884 2668 1039 2701 senatus,
1072 2670 1148 2696 ante
1174 2673 1289 2695 omnes
1315 2663 1355 2694 T.
1383 2664 1517 2695 Annius

145 2728 242 2753 Livius
261 2735 296 2753 ex
316 2735 368 2754 rec.
388 2729 531 2760 Madvigii.
575 2730 649 2754 VIII.
1233 2728 1252 2755 4
