1742 2902
175 428 220 463 10

171 636 218 671 11

173 1323 219 1360 13

173 1464 221 1499 14

144 1597 195 1643 66

316 99 390 134 114
659 94 763 125 Liber
786 93 898 125 XLII.
962 93 1021 134 (A.
1052 102 1084 124 u.
1113 100 1140 124 c.
1170 91 1266 132 583.)

254 218 439 266 patebant
467 215 600 252 iaculis
621 216 859 263 sagittisque.
904 215 1076 252 Maxime
1102 213 1460 262 cestrosphendonis
1487 213 1664 253 vulnera-

252 287 403 323 bantur.
468 285 555 321 Hoc
599 285 664 320 illo
703 285 803 321 bello
833 297 972 321 novum
1004 297 1123 332 genus
1154 284 1219 320 teli
1248 284 1440 320 inventum
1472 291 1541 321 est..
1597 285 1664 323 Bi-

251 356 379 404 palme
409 354 596 402 spiculum
636 355 763 392 hastili
805 354 1056 392 semicubitali
1087 355 1244 390 infixum
1280 360 1382 397 erat,
1416 354 1665 394 crassitudine

254 424 376 472 digiti;
419 424 506 459 huie
549 422 720 470 abiegnae
758 423 893 459 breves
924 424 1048 471 pinuae
1078 431 1174 468 tres,
1215 424 1319 460 velut
1347 424 1497 471 sagittis
1530 424 1665 471 solent,

253 493 610 536 circumdabantur3
656 492 774 529 funda
813 493 937 528 media
975 493 1050 529 duo
1092 494 1254 530 scutalia
1291 494 1440 543 inparia
1477 494 1665 540 habebat3

254 577 339 600 cum
380 564 517 600 maiori
549 563 631 598 nisu
662 563 840 598 libratum
874 562 1043 599 funditor
1072 564 1225 599 habena
1254 570 1420 606 rotaret,
1462 575 1666 602 excussum

253 633 358 670 velut
387 634 497 681 glans
529 633 732 669 emicabat.
792 631 887 669 Cum
921 640 956 668 et
990 634 1062 669 hoc
1096 640 1132 669 et
1162 634 1237 670 alio
1268 632 1371 669 omni
1401 644 1540 680 genere
1569 622 1667 670 (610-Δ

249 716 333 740 rum
366 715 456 750 pars
486 704 687 739 vulnerata
718 702 876 739 militum
909 709 1031 747 esset,
1077 716 1148 739 nee
1187 702 1300 738 facile
1330 703 1405 738 iam
1437 715 1546 738 arma
1575 701 1668 739 fessi

251 773 500 816 sustinerent,
542 773 684 808 instare
727 785 815 814 rex,
858 779 897 808 ut
927 773 1105 809 dederent
1135 785 1196 814 se,
1230 773 1341 808 fidem
1374 773 1478 815 dare,
1509 771 1668 819 praemia

250 842 441 879 interdum
485 842 677 891 polliceri3
720 854 789 878 nec
829 842 1051 890 cuiusquam
1095 843 1143 878 ad
1183 842 1411 878 deditionem
1442 842 1668 878 flectebatur

252 912 421 955 animus,
466 924 550 948 cuin
591 924 638 948 ex
681 912 875 960 insperato
914 912 989 947 iam
1022 912 1223 958 opstiuatis
1255 912 1351 947 mori
1382 924 1468 960 spes
1499 911 1666 948 adfulsit.

251 982 354 1018 Nam
399 994 482 1018 curn
529 995 576 1018 ex
618 981 960 1017 frumentatoribus
992 981 1228 1029 refugientes
1268 982 1423 1029 quidam
1463 981 1502 1017 in
1539 987 1669 1018 castra

250 1051 490 1087 nuntiassent
519 1051 677 1095 consuli,
704 1051 961 1087 circumsideri
992 1051 1222 1099 praesidium,
1255 1058 1378 1087 motus
1409 1051 1578 1100 periculo
1609 1056 1666 1088 tot

251 1120 390 1156 civium
425 1122 531 1167 (nam
563 1119 703 1157 DCCC-
726 1120 856 1165 ferme,
889 1129 922 1156 et
948 1133 1078 1156 omnes
1102 1121 1266 1158 Romani
1295 1121 1417 1165 erant)
1451 1134 1534 1157 cum
1561 1121 1671 1169 equi-'

252 1194 334 1225 tatu
367 1201 412 1225 ae
441 1190 515 1226 levi
546 1196 743 1226 armatura
775 1190 1029 1235 (accesserant
1061 1204 1161 1227 nova
1193 1191 1358 1235 auxilia,
1389 1191 1568 1227 Numidae
1598 1203 1667 1240 pe-

253 1259 349 1294 dites
381 1259 603 1307 equitesque
636 1265 672 1295 et
704 1259 910 1307 elephanti)
944 1261 1079 1296 castris
1110 1261 1314 1309 egreditur,
1345 1267 1382 1297 et
1411 1261 1572 1297 tribunis
1597 1261 1667 1298 mi-

251 1329 357 1364 litum
399 1329 584 1377 imperat,
630 1336 671 1366 ut
701 1329 892 1377 legionum
924 1330 1034 1377 signa
1061 1337 1282 1378 sequantur.
1341 1330 1452 1378 Ipse,
1489 1330 1666 1366 velitibus

253 1399 302 1434 ad
332 1400 521 1435 firmanda
560 1400 700 1435 levium
745 1411 937 1435 armorum
981 1400 1125 1436 auxilia
1166 1400 1344 1445 adiectis,
1392 1401 1440 1436 ad
1481 1400 1666 1436 tumulum

253 1469 444 1517 praecedit.
517 1468 693 1506 Consulis
723 1469 845 1505 latera
875 1476 1007 1517 tegunt
1040 1470 1252 1514 Eumenes,
1294 1469 1451 1507 Attalus
1481 1476 1518 1506 et
1547 1469 1668 1506 Misa-

252 1550 380 1586 genes5
411 1539 563 1587 regulus
595 1539 866 1577 Numidarum.

363 1607 459 1645 Cum
490 1609 527 1645 in
559 1617 764 1657 conspectu
796 1609 920 1657 prima
958 1609 1069 1657 signa
1108 1621 1264 1645 suorum
1295 1607 1552 1645 circumsessis
1583 1606 1666 1645 fue,-

252 1684 360 1723 runt,
400 1679 586 1715 Romanis
624 1679 775 1726 quidem
819 1680 867 1715 ab
900 1679 1047 1715 ultuma
1077 1679 1344 1727 desperatione
1384 1685 1579 1714 recreatus
1609 1681 1667 1712 est

254 1748 421 1792 animum
458 1749 646 1794 Perseus,
690 1749 750 1784 cui
780 1749 942 1796 primum
976 1748 1142 1784 omnium
1175 1748 1319 1794 fuerat,
1359 1748 1434 1791 ηιξ
1467 1752 1667 1783 contentus

251 1817 410 1854 fortuito
434 1830 624 1863 successu,
655 1818 776 1866 captis
800 1818 946 1865 aliquot
970 1817 1310 1854 frumentatoribus
1336 1816 1558 1864 occisisque,
1590 1826 1667 1851 non

253 1893 391 1924 tereret
436 1894 586 1936 tempus
624 1889 660 1923 in
693 1888 890 1923 obsidione
931 1887 1117 1936 praesidii,
1164 1888 1392 1932 seeundum,
1437 1899 1484 1923 ea
1514 1897 1668 1933 quoque

251 1962 440 2006 temptata
473 1963 689 2004 utcumque,
719 1969 803 1993 eum
834 1958 948 1994 sciret
979 1957 1071 1994 nihil
1099 1957 1250 1994 roboris
1280 1968 1408 1993 seeum
1441 1967 1546 2000 esse,
1576 1954 1667 1990 dum

253 2178 273 2204 4
288 2174 453 2215 putabant-
468 2174 586 2204 iaculis
608 2174 612 2213 Ι
639 2172 738 2215 Gryn.
755 2172 925 2212 sagittisve
974 2171 1005 2209 9,
1025 2175 1037 2202 l
1057 2165 1352 2212 cestrospcndonis
1391 2173 1410 2201 2
1437 2169 1562 2200 bellum
1584 2166 1592 2210 1
1615 2168 1665 2200 bi-

251 2230 400 2285 palmaie
451 2246 469 2273 3
497 2242 586 2273 astili
612 2242 813 2272 semicuitali
887 2240 946 2281 10,
978 2244 990 2271 l
1020 2241 1097 2271 huie
1125 2241 1360 2279 ablegebraeue
1391 2239 1502 2280 pinnae
1530 2237 1662 2279 Kreyss.

252 2311 267 2331 e
294 2299 404 2341 Polyb.
434 2298 600 2337 XXVII,
627 2298 648 2330 9
676 2298 792 2340 (Gr-yn.
821 2298 898 2329 huie
925 2299 964 2328 ad
992 2298 1155 2328 libramen
1186 2298 1316 2338 pinnae)
1369 2300 1387 2326 2
1415 2294 1665 2327 circumfunda-

251 2358 389 2389 bantur'
405 2358 471 2387 duo
489 2366 562 2388 cum
578 2357 644 2387 alia
660 2356 767 2397 inpari
788 2355 815 2386 l.
836 2355 876 2386 A.
896 2355 1061 2386 Ernestfus
1083 2356 1200 2396 (tiryn.
1221 2356 1288 2385 duo
1307 2353 1451 2394 funalia)
1491 2356 1510 2384 3
1530 2352 1666 2384 maioris
1709 2346 1714 2354 ¹

253 2424 490 2466 similit-obss&
518 2426 613 2465 Gryn.
628 2424 744 2455 maiori
763 2425 837 2455 sinu
852 2424 853 2459 Ῐ
869 2423 1019 2454 funditur
1044 2423 1129 2457 11,2
1149 2423 1232 2454 armi
1259 2427 1278 2454 3
1294 2423 1410 2463 praemi
1437 2425 1454 2452 5
1477 2404 1665 2462 opstinatiii

253 2483 308 2521 12,
338 2487 357 2513 3
389 2492 479 2513 accc.
555 2482 609 2518 13,
640 2486 659 2512 3
688 2481 907 2522 praecedentis
978 2480 1037 2515 14.
1071 2484 1084 2511 1
1118 2489 1317 2521 mysagenes
1359 2479 1414 2518 (F.
1449 2477 1662 2518 Attalusque.

252 2540 325 2572 Em.
351 2539 410 2580 70)
473 2538 607 2575 LXVI,
635 2539 666 2575 1,
698 2542 711 2569 1
742 2549 816 2569 cum
843 2538 1027 2578 inspectum
1056 2538 1167 2578 prima
1210 2539 1228 2566 2
1256 2536 1298 2566 ab
1325 2536 1397 2566 ultu
1445 2535 1478 2573 2,
1496 2538 1516 2566 2
1542 2534 1664 2575 eapitis

253 2598 391 2638 aliquod
439 2599 458 2627 3
486 2601 593 2627 terere
635 2596 668 2633 3,
697 2600 714 2626 2
743 2603 924 2636 utcumque
950 2604 1062 2627 secum
1089 2594 1191 2626 sciret
