1753 2934
257 131 297 165 14
813 132 982 163 Perioehae

723 632 856 692 TITI
897 633 1071 693 LIVII

341 749 563 802 rssssiocflAE
596 751 755 792 tumuli
787 753 1003 794 Lissssossuii
1035 755 1087 795 AB
1117 755 1230 796 [RBE
1261 755 1454 797 ιζ’ῡΝῡιΤΑ.

783 952 845 983 EX
872 952 958 984 LIB.
987 952 1014 985 I.

290 1015 476 1069 Adventus
504 1038 622 1069 AEneae
646 1039 678 1069 in
705 1038 836 1070 Italiam
868 1046 900 1070 et
930 1050 982 1072 res
1011 1048 1122 1081 gestae.
1170 1042 1310 1073 Ascanii
1338 1052 1476 1083 regnum
1503 1044 1602 1076 Albae

198 1104 230 1128 et
265 1098 357 1130 Silvii
400 1105 431 1129 et
465 1100 621 1140 deinceps
649 1101 840 1134 Silviorum.
902 1102 1085 1133 Numitoris
1118 1103 1186 1133 filia
1219 1114 1239 1133 a
1271 1104 1380 1135 Marte
1411 1116 1602 1147 compressa

197 1160 266 1190 nati
292 1160 456 1191 Romulus
484 1167 515 1191 et
544 1161 681 1195 Remus.
731 1163 889 1194 Amulius
915 1164 1146 1197 obtruncatus,
1195 1164 1281 1196 Urbs
1308 1176 1327 1196 a
1353 1165 1499 1198 Romulo
1525 1177 1604 1199 con-

197 1222 275 1252 dita.
328 1223 472 1253 Senatus
499 1223 619 1256 lectus.
671 1225 753 1255 Cum
785 1225 917 1256 Sabinis
944 1225 1117 1259 bellatum.
1171 1227 1286 1267 Spolia
1318 1229 1430 1269 opima
1454 1229 1604 1261 Feretrio

198 1283 266 1313 Iovi
292 1283 372 1314 lata.
430 1283 468 1314 In
495 1286 604 1316 curias
629 1287 772 1327 populus
808 1288 942 1318 divisus.
1000 1288 1178 1319 Fidenates
1206 1289 1363 1321 Veientes
1397 1290 1486 1321 victi.
1536 1291 1605 1322 Ro-

198 1345 306 1376 mulus
333 1353 560 1377 consecratus.

291 1406 402 1437 Numa
423 1407 612 1448 Pompilius
639 1411 720 1440 ritus
748 1420 917 1441 sacrorum
946 1411 1092 1441 tradidit.
1143 1410 1247 1441 Porta
1272 1410 1345 1441 Iani
1373 1412 1497 1443 clausa.

293 1467 412 1499 Tullus
438 1469 604 1501 Hostilius
631 1471 786 1502 Albanos
819 1471 968 1513 diripuit.
1026 1472 1295 1511 Trigeminoruni
1323 1482 1447 1513 pugna.
1497 1473 1606 1504 Mettii

199 1529 320 1560 Fufetii
347 1530 560 1571 supplicium.
613 1533 730 1564 Tullus
758 1533 895 1564 fulmine
923 1541 1149 1574 consumptus.

295 1593 411 1623 Ancus
438 1591 581 1623 Martius
606 1593 746 1624 Latinos
773 1596 905 1630 devicit,
935 1595 1063 1627 Ostium
1091 1595 1251 1625 condidit.

293 1653 497 1693 Tarquinius
524 1653 660 1685 Priscus
687 1655 827 1687 Latinos
861 1657 1045 1696 superavit.
1083 1657 1207 1687 circum
1234 1656 1330 1692 fecit,
1367 1657 1523 1688 finitimos
1549 1657 1606 1688 de.-

201 1715 290 1752 vicit,
317 1725 428 1746 muros
455 1723 486 1745 et
512 1716 644 1747 cloacas
671 1716 760 1747 feeit.

295 1776 409 1808 Servio
436 1776 550 1808 Tullio
592 1785 692 1818 eaput
729 1779 819 1810 arsit.
877 1779 1012 1810 Servius
1046 1778 1376 1809 Tulliusvcientes
1416 1778 1609 1821 devicit1et·

201 1837 362 1878 populum
389 1838 422 1868 in
449 1839 574 1870 classes
600 1840 729 1877 divisit3
756 1841 861 1870 aedem
888 1840 1005 1870 Dianae
1032 1841 1208 1870 dedicavit.

293 1900 497 1940 Tarquinius
523 1900 696 1942 Superbus
723 1903 832 1933 occiso
860 1902 975 1932 Tullio
1002 1911 1141 1941 regnum
1169 1901 1300 1932 invasit.
1355 1900 1473 1931 Tulliae
1498 1901 1609 1932 scelus

204 1962 237 1992 in
263 1968 402 2002 patrem.
453 1962 588 1993 Turnus
615 1963 807 1994 Herdonius
841 1973 899 2003 per
927 1964 1146 2003 Tarquinium
1173 1964 1315 1994 occisus.
1374 1961 1506 1992 Bellum
1533 1972 1610 1993 eum

206 2023 352 2055 Volscis.
401 2023 533 2054 Fraude
564 2025 643 2056 Sex.
672 2025 845 2065 Tarquinii
870 2024 967 2055 Gabii
995 2026 1122 2066 direpti.
1176 2024 1378 2066 Capitolium
1405 2023 1609 2054 inchoatum.

206 2085 354 2115 Termini
393 2090 426 2115 et
451 2085 598 2116 Iuventae
632 2095 697 2116 arae
731 2087 855 2117 moveri
892 2096 958 2116 non
994 2093 1183 2127 potuerunt.
1233 2085 1390 2117 Lucretia
1414 2094 1448 2116 sc
1475 2085 1609 2116 occidit.

206 2146 348 2187 Superbi
375 2147 538 2187 expulsio.
588 2146 777 2186 Regnatum
805 2154 855 2178 est
879 2149 975 2178 annis
997 2147 1127 2178 CCLV.

298 2206 356 2252 ΓΜ
383 2209 488 2239 Ancus
516 2206 695 2249 Martius1)
723 2209 851 2240 Latinis
882 2210 979 2240 victis
1006 2217 1153 2240 montem
1185 2207 1388 2238 Aventinum
1416 2208 1610 2248 assignavit,

205 2270 286 2301 fines
312 2271 463 2311 protulit,
491 2270 618 2301 Ostiam
646 2271 812 2301 coloniam
840 2272 988 2309 deduxit,
1024 2270 1231 2301 caerimonias
1257 2279 1277 2299 a
1302 2268 1413 2300 Numa
1438 2269 1609 2302 institutas

205 2333 385 2363 renovavit.
436 2332 602 2371 Regnavit
627 2332 722 2362 annis
751 2332 880 2364 XXIV.

300 2394 461 2430 Lucumo,
499 2394 670 2424 Demarati
701 2393 860 2424 Corinthii
896 2394 992 2430 tilius,
1028 2404 1046 2424 a
1074 2392 1267 2432 Tarquiniis
1301 2390 1445 2422 Etrusca
1479 2391 1610 2421 civitate

206 2454 348 2485 Romam
383 2456 473 2485 venit
508 2462 539 2485 ct
572 2456 605 2485 in
633 2456 813 2486 amicitiam
844 2456 929 2486 Anci
965 2460 1116 2495 receptus
1149 2453 1321 2493 Tarquinii
1347 2452 1454 2483 Prisci
1488 2461 1611 2483 nomen

208 2516 293 2548 ferre
321 2517 419 2557 coepit
455 2523 485 2547 et
512 2522 589 2557 post
621 2523 761 2548 mortem
789 2517 875 2547 Anci
912 2527 1051 2557 regnum
1080 2516 1222 2557 excepit.
1277 2515 1418 2546 Centum
1442 2514 1477 2544 in
1500 2520 1611 2555 patres

283 2666 312 2699 ¹)
334 2667 396 2691 Alia
418 2667 475 2691 haec
501 2670 540 2692 est
561 2667 691 2697 periocha
714 2667 791 2691 initio
813 2667 946 2691 truncata.
