1753 2934
487 133 585 163 Liber
611 133 718 164 XLV.
771 133 831 167 (A.
863 132 938 164 Chr.
971 136 1063 170 los.)
1333 136 1408 172 223

171 257 222 293 Et
251 256 423 305 Popilius
454 264 490 294 et
520 270 565 292 ea
594 256 747 304 legatio,
779 268 862 304 quae
892 258 1008 293 missa
1036 257 1083 292 ad
1106 256 1338 293 Antiochum
1370 263 1464 302 erat,

61 328 223 364 Romam
268 327 389 363 rediit.
470 327 646 369 Rettulit,
693 327 973 362 controversias
1017 327 1113 363 inter
1143 339 1250 375 reges
1293 327 1463 363 sublatas

62 409 144 434 esse
184 397 466 444 exercitumque
506 410 553 433 ex
594 398 767 445 Aegypto
806 397 841 432 in
885 397 1034 445 Syriam
1087 397 1296 433 reductum.
1369 398 1465 434 Post

60 467 228 515 ipsorum
266 479 396 515 regum
434 467 549 515 legati
586 473 780 504 venerunt.
853 467 1035 503 Antiochi
1073 466 1206 515 legati,
1244 466 1463 513 referentes,

62 536 162 573 omni
194 537 353 573 victoria
390 537 576 585 potiorem
617 550 748 586 pacem
788 538 889 585 regi,
933 549 1016 585 quae
1059 537 1206 573 senatui
1248 537 1463 585 placuisset,

61 607 194 651 visam,
225 620 386 655 eumque
425 608 516 643 haut
555 620 662 644 secus
703 620 816 655 quam
855 608 1010 643 deorum
1053 607 1211 655 imperio
1250 607 1462 655 legatorum

58 676 318 712 Romanorum
354 678 464 714 iussis
502 678 693 726 paruisse,
745 678 926 726 gratulati
965 677 1050 713 dein
1085 678 1132 713 de
1169 677 1328 714 victoria
1365 686 1464 722 sunt,

60 758 173 794 quam
213 759 284 795 ope
321 760 406 790 sua,
450 748 480 784 si
521 748 610 796 quid
650 748 874 796 imperatum
915 748 1033 792 foret,
1076 748 1291 784 adiuturum
1335 761 1461 797 regem

57 815 186 853 fuisse.
245 817 441 853 Ptolemaei
472 818 586 866 legati
624 819 813 854 communi
853 819 1005 855 nomine
1044 819 1143 867 regis
1183 826 1219 854 et
1246 817 1462 867 Cleopatrae

58 887 201 936 gratias
238 894 411 936 egerunt:
460 889 544 936 plus
583 900 648 924 eos
691 888 837 924 senatui
878 889 1097 937 populoque
1130 890 1305 925 Romano
1348 902 1461 936 quam

57 958 278 1007 parentibus
308 959 397 1002 suis,
428 959 512 1007 plus
543 972 656 1006 quam
688 959 758 994 diis
788 958 1066 995 immortalibus
1087 959 1238 1001 debere,
1268 971 1337 1007 per
1367 971 1462 1006 quos

59 1028 255 1064 obsidione
292 1029 503 1065 miserrima
540 1029 688 1065 liberati
726 1036 875 1073 essent,
923 1041 1079 1077 regnum
1126 1028 1290 1076 patrium
1342 1041 1462 1076 prope

58 1099 237 1134 amissum
283 1101 505 1147 recepissent.
576 1099 801 1148 Responsum
849 1101 897 1136 ab
936 1107 1069 1136 senatu
1108 1107 1185 1144 est,
1224 1098 1460 1134 Antioc-hum

55 1175 158 1205 recte
190 1170 316 1217 adque
345 1169 476 1205 ordine
504 1168 658 1214 fecisse,
693 1169 794 1217 quod
824 1169 960 1218 legatis
991 1170 1202 1218 paruisset,
1234 1177 1462 1217 gratumque

55 1238 93 1275 id
124 1251 206 1275 esse
235 1239 382 1275 senatui
413 1240 632 1287 populoque
663 1241 851 1277 Romano.
920 1241 1089 1288 Regibus
1118 1240 1296 1288 JEgypti,
1328 1239 1460 1276 Ptole-

55 1322 150 1346 maeo
173 1309 473 1359 Cleopatraeque,
504 1310 534 1346 si
557 1310 646 1357 quid
676 1323 744 1358 per
773 1322 813 1346 se
845 1311 934 1346 boni
965 1310 1231 1357 commodique
1261 1309 1460 1355 evenisset,

56 1379 94 1415 id
127 1392 264 1428 magno
296 1392 410 1428 opere
440 1388 610 1416 senatum
642 1380 773 1424 laetari,
804 1380 1057 1427 daturumque
1080 1392 1250 1427 operam,
1280 1388 1321 1416 ut
1353 1380 1461 1428 regni

55 1449 113 1485 sui
153 1450 358 1486 maximum
401 1462 551 1498 semper
588 1450 803 1498 praesidium
847 1450 1011 1498 positum
1046 1463 1127 1486 esse
1158 1449 1194 1485 in
1226 1451 1299 1486 fide
1329 1450 1459 1499 populi

54 1520 218 1557 Romani
249 1520 399 1557 ducant..
472 1522 634 1558 Munera
662 1521 798 1569 legatis
832 1528 872 1556 ut
902 1533 949 1557 ex
978 1521 1149 1556 instituto
1180 1520 1365 1556 mittenda
1395 1533 1459 1556 eu-

54 1598 168 1635 raret,
199 1589 241 1627 C.
271 1591 428 1638 Papirio
459 1592 610 1638 praetori
643 1591 876 1630 mandatum.
929 1591 1083 1626 Litterae
1114 1590 1249 1627 deinde
1279 1602 1296 1626 e
1328 1590 1458 1626 Mace-

54 1660 169 1696 donia
199 1660 334 1703 allatae,
365 1673 448 1708 quae
477 1661 644 1697 victoriae
676 1660 844 1697 laetitiam
875 1661 1124 1709 geminarent,
1156 1661 1300 1696 Persea
1329 1672 1457 1708 regem

51 1730 90 1766 in
119 1736 346 1778 potestatem
387 1731 552 1767 consulis
595 1731 755 1767 venisse.
815 1732 993 1768 Dimissis
1023 1731 1172 1779 legatis,
1203 1731 1455 1778 disceptatum

51 1799 149 1836 inter
178 1800 341 1837 Pisanos
372 1801 644 1849 Lunensesque
673 1802 842 1851 legatos,
883 1802 1036 1839 Pisanis
1067 1801 1330 1849 querentibus,
1362 1813 1456 1849 agro

51 1882 93 1907 se
123 1883 145 1906 a
175 1870 318 1907 colonis
337 1871 518 1908 Romanis
549 1872 650 1920 pelli,
682 1873 921 1909 Lunensibus
944 1872 1244 1914 adfirmantibus,
1275 1884 1380 1915 eum,
1411 1871 1457 1907 de

53 1952 129 1989 quo
159 1948 307 1989 agatur,
339 1942 386 1977 ab
417 1942 622 1978 triumviris
653 1955 786 1990 agrum
818 1943 889 1978 sibi
920 1942 1160 1990 adsignatum
1192 1953 1285 1978 esse.
1336 1941 1455 1979 Sena-

50 2017 131 2056 tus,
174 2011 237 2060 qui
279 2012 325 2048 de
362 2011 499 2047 finibus
536 2019 809 2060 cognoscerent
847 2019 1146 2060 statueremque,
1184 2012 1456 2060 quinqueviros

49 2140 159 2181 XIII,
207 2140 246 2177 1,
293 2144 306 2170 1
357 2140 550 2171 anthiocum
594 2148 689 2172 erant
727 2152 854 2172 romam
906 2141 1033 2172 rettulit
1080 2142 1163 2172 redit
1210 2142 1454 2173 controuersias

49 2197 83 2237 2,
118 2201 137 2228 2
175 2198 323 2229 anthioci
383 2202 402 2229 3
441 2208 522 2238 pace
549 2200 617 2238 regi
644 2201 840 2240 senatuique
866 2199 1050 2240 placuisset
1075 2200 1147 2229 uisa
1204 2204 1223 2229 4
1261 2205 1319 2229 aut
1381 2202 1398 2229 5
1426 2204 1456 2230 et

49 2254 82 2294 3,
113 2259 126 2286 l
155 2255 263 2287 iussus
288 2256 436 2296 paruisse
460 2256 561 2296 legati
588 2258 662 2287 dein
686 2259 690 2294 l
717 2257 812 2299 Gryn.
840 2257 960 2288 deinde
987 2258 1161 2288 uictoriam
1203 2260 1222 2287 2
1249 2266 1312 2297 ope
1338 2257 1364 2288 si
1381 2255 1452 2298 My.

51 2313 196 2354 (summa
233 2323 294 2354 ope
332 2314 359 2344 si
401 2312 529 2355 Ξιροη.)
564 2315 794 2353 lwlfuturum
835 2314 963 2356 Kreyss.
1008 2313 1124 2356 (Gt-yn.
1166 2315 1208 2345 ad
1253 2324 1352 2355 quam
1391 2324 1454 2356 ope

50 2386 92 2393 —
119 2371 327 2410 adfuturum)
405 2370 438 2409 4,
469 2375 480 2402 1
510 2372 668 2413 ptolemei
691 2374 696 2412 l
719 2373 885 2413 cleopatre
967 2371 998 2405 5,
1030 2376 1040 2402 l
1072 2381 1111 2403 eo
1134 2374 1138 2409 Ι
1161 2382 1227 2413 qua
1275 2377 1295 2403 4
1321 2378 1350 2403 et
1373 2372 1404 2409 6,
1435 2376 1449 2403 1

51 2428 232 2460 admissum
259 2429 300 2459 ab
327 2435 443 2460 senatu
491 2429 522 2465 6,
542 2434 555 2461 l
585 2431 778 2461 anthiocum
830 2434 847 2460 2
874 2430 1023 2471 paruisse
1073 2429 1103 2467 7,
1122 2433 1135 2460 1
1164 2430 1335 2471 ptolemeo
1364 2430 1452 2460 cleo-

49 2492 210 2526 patreque
259 2490 275 2517 5
303 2487 467 2517 ducantur
513 2487 545 2524 S,
576 2492 588 2519 l
619 2498 661 2518 ex
687 2489 839 2519 instituta
890 2492 907 2518 2
936 2498 1010 2518 cum
1037 2489 1166 2528 papirio
1223 2488 1254 2521 9.
1285 2492 1297 2519 1
1329 2488 1452 2518 deinde

49 2544 249 2575 macedonia
279 2543 375 2576 Gron.
444 2544 498 2581 10,
529 2549 542 2576 1
577 2545 664 2577 Num
692 2546 837 2576 dimissis
862 2545 912 2575 his
944 2545 1096 2585 legatis?
1156 2550 1173 2576 2
1200 2544 1451 2586 pisalnolunen-

50 2610 168 2642 sesque
192 2602 323 2642 legatos
348 2608 381 2632 et
404 2602 564 2643 pisangnis
624 2607 644 2634 4
671 2604 712 2634 ab
739 2603 933 2634 utrumuiris
998 2603 1051 2640 11,
1078 2607 1096 2634 2
1132 2604 1268 2643 quidem
1293 2603 1416 2634 finibus
1444 2600 1448 2641 Ι

48 2665 227 2699 poscerent
253 2659 417 2699 (Noscere
437 2670 499 2701 pro
525 2670 731 2701 cognoscere
757 2661 787 2692 in
813 2660 872 2692 tali
895 2672 926 2692 re
941 2660 1055 2692 Livius
1078 2672 1137 2692 non
1164 2660 1271 2701 dicit.)

1525 253 1574 299 13

1496 399 1516 434 ΙΨ

1496 682 1516 716 3

1493 822 1513 855 4

1495 892 1514 925 5

1494 1103 1514 1134 «5

1493 1244 1511 1252 n-

1498 1254 1507 1277 Ι

1496 1735 1537 1769 10

1493 1943 1534 1977 11
