1742 2902
474 159 576 192 Liber
600 159 691 190 xm.
744 160 804 199 (A.
826 158 906 190 chr.
930 160 1024 198 177.)
1380 161 1401 196 9

739 246 760 262 Χ

49 282 150 320 mani
187 283 339 319 fiebant.
406 284 571 329 Postea,
612 284 670 321 his
710 296 864 331 quoque
903 283 1133 331 imaginibus
1175 281 1266 317 iuris
1309 281 1458 329 spretis,

49 351 262 400 promiscue
292 352 371 388 sine
402 352 504 401 lege,
543 353 624 389 sine
663 354 799 401 stirpe,
843 354 879 389 in
920 353 1110 388 civitatem
1144 352 1359 387 Romanam
1391 362 1459 398 per

49 421 312 468 migrationem
353 429 388 458 et
427 435 578 459 censum
620 424 847 460 transibant.
919 423 1012 458 Ilaee
1053 434 1099 457 ne
1141 429 1275 469 postea
1312 422 1457 464 fierent,

47 491 226 538 petebant
259 490 387 539 legati,
419 500 453 528 et
479 500 517 528 ut
545 493 668 529 redire
691 493 728 528 in
752 494 925 528 civitates
950 492 1120 527 iuberent
1147 492 1290 534 s0‹·i0s;
1321 489 1456 526 deinde

48 566 88 596 ut
116 559 200 607 lege
230 568 420 602 caverent,
452 574 498 597 ne
529 563 613 609 quis
642 575 752 610 quem
785 562 950 598 civitatis
976 560 1167 597 mutandae
1197 573 1316 596 causa
1345 571 1454 595 suum

45 628 187 666 faceret
228 642 324 666 neve
361 631 564 675 alienaret,
603 639 660 675 et,
697 632 727 667 si
760 632 844 679 quis
875 632 927 667 ita
969 631 1062 667 civis
1101 632 1297 667 Romanus
1331 629 1455 666 factus

45 706 154 742 esset,
184 696 205 715 ³*
227 696 260 735 *.
323 701 414 737 Haec
445 701 649 749 impetrata
680 702 728 737 ab
759 709 904 737 senatu.

157 769 373 805 Provincia:
420 770 576 815 deiude,
627 784 711 818 quae
763 771 799 806 in
848 770 946 807 bello
993 776 1122 806 erant.
1179 768 1357 806 Sardinia
1399 773 1455 804 at-

45 850 118 886 que
134 839 281 875 Histria
312 838 486 877 decretae.
544 840 588 875 In
621 840 838 875 Sardiniam
871 842 954 876 duae
987 841 1156 888 legiones
1186 839 1299 874 scribi
1331 839 1454 882 iussae,

45 908 158 956 quina
193 908 297 943 inilia
334 908 370 943 in
408 909 577 956 singulas
608 918 642 946 et
674 910 807 946 duceni
840 910 1008 957 pedites,
1040 909 1179 944 treceni
1210 908 1375 955 equites,
1418 913 1455 943 et

44 977 242 1014 duodecim
300 977 402 1013 milia
463 979 631 1026 peditum
689 980 879 1015 sociorum
929 992 973 1015 ac
1024 979 1151 1014 Latini
1198 977 1362 1013 nominis
1418 983 1454 1013 et

43 1046 114 1084 DC
163 1048 327 1095 equites,
380 1054 417 1083 et
468 1048 509 1084 X
559 1050 850 1097 quinqueremes
902 1061 1038 1093 naves,
1094 1049 1126 1084 si
1176 1048 1363 1083 deducere
1405 1059 1453 1082 ex

42 1117 243 1153 navalibus
273 1117 397 1155 vellet.
443 1118 685 1155 Tantundem
718 1120 885 1168 peditum
920 1120 1166 1167 equitumque
1195 1118 1233 1153 in
1251 1117 1452 1160 Histriam,

42 1195 224 1239 quantum
256 1189 292 1224 in
324 1190 562 1235 Sardiniam,
600 1190 806 1225 decretum.
892 1190 942 1225 Et
979 1189 1166 1237 legionem
1207 1200 1319 1222 unam
1366 1199 1450 1222 cum

41 1256 231 1303 equitibus
262 1257 383 1304 CCC,
426 1268 461 1296 et
493 1261 529 1295 V
561 1261 665 1296 milia
702 1260 871 1308 peditum
915 1259 1104 1295 sociorum
1152 1266 1187 1294 et
1226 1256 1327 1294 CCL
1366 1257 1450 1292 mit·

41 1331 120 1361 tere
164 1328 310 1375 equites
354 1329 391 1365 in
440 1330 667 1378 Hispaniam
716 1330 889 1365 consules
933 1329 983 1364 ad
1028 1329 1080 1364 M.
1114 1328 1298 1364 Titinium
1345 1327 1449 1362 iussi.

40 1395 270 1444 Priusquam
313 1399 487 1435 eonsules
521 1399 739 1448 provincias
770 1399 1016 1442 sortirentur,
1058 1398 1235 1445 prodigia
1276 1397 1451 1432 nuntiata

43 1474 149 1500 sunt:
202 1466 366 1514 lapidem
412 1469 449 1504 in
498 1482 592 1517 agro
638 1468 884 1505 Crustumino
930 1469 968 1504 in
1013 1468 1138 1503 lucum
1197 1467 1336 1504 Martis
1402 1465 1449 1501 de

43 1534 136 1571 caelo
191 1537 392 1581 cecidisse;
449 1551 611 1587 puerum
668 1539 789 1574 trunci
838 1537 1009 1585 corporis
1053 1537 1091 1572 in
1139 1549 1234 1585 agro
1278 1538 1456 1573 Romano

43 1612 192 1650 natum,
244 1614 281 1642 et
318 1609 604 1657 quadrupedem
648 1616 812 1656 anguem
861 1607 1002 1650 visum3
1063 1613 1100 1642 et
1148 1606 1291 1654 Capuae
1339 1606 1458 1641 multa

43 1673 80 1709 in
117 1673 202 1711 soro
241 1676 400 1713 aedifieia
441 1679 486 1714 de
527 1679 619 1715 caelo
661 1686 782 1722 taeta3
836 1684 872 1713 et
902 1676 1074 1713 Puteolis
1104 1677 1200 1711 duas
1231 1688 1349 1711 naves
1382 1675 1458 1711 ful-

0 1740 2 1742 *
44 1743 154 1780 minis
197 1745 271 1782 ictu
310 1756 573 1783 concrematas
615 1760 710 1785 esse.
782 1747 889 1783 Inter
918 1747 1018 1790 haee,
1057 1758 1141 1793 quae
1170 1746 1457 1790 nuntiabantur,

42 1812 153 1861 lupus
192 1816 308 1852 etiam
338 1818 472 1853 Romae
513 1817 676 1853 interdiu
708 1816 894 1864 agitatus,
940 1829 1023 1851 cum
1057 1815 1207 1852 Collina
1252 1823 1362 1863 porta
1401 1814 1457 1850 in-

42 1887 199 1929 trasset,
235 1897 304 1933 per
333 1887 572 1934 Esquilinam
616 1899 754 1934 magno
787 1886 1084 1922 consectantium
1129 1885 1291 1921 tumultu
1323 1884 1457 1922 evasit.

43 1951 186 1988 Eorum
239 1956 501 2003 prodigiorum
547 1969 665 1993 causa
705 1955 880 1991 eonsules
918 1956 1082 1991 maiores
1128 1955 1274 1991 hostias
1320 1954 1456 1989 immo-

43 2019 182 2067 larunt,
225 2030 262 2059 et
292 2025 389 2061 diem
424 2038 538 2062 unum
572 2026 673 2062 circa
705 2025 833 2061 omnia
863 2025 1080 2073 pulvinaria
1113 2024 1342 2072 supplicatio
1373 2022 1457 2062 fuit.

44 2087 250 2127 sacrificiis
281 2093 352 2129 rite
381 2094 581 2143 perfectis,
625 2095 844 2144 provincias
884 2095 1008 2130 sortiti
1039 2102 1146 2138 sunt3
1192 2094 1354 2130 Claudio
1385 2094 1456 2130 Hi-

43 2161 148 2207 stria,
181 2161 409 2211 Sempronio
441 2164 621 2201 Sardinia
651 2165 820 2203 obvenit.
903 2165 1044 2212 Legem
1077 2164 1162 2199 dein
1191 2164 1237 2200 de
1268 2165 1380 2200 sociis
1412 2163 1455 2200 C.

45 2227 227 2268 Claudius
257 2234 341 2269 tulit
370 2246 414 2270 eoe
441 2243 597 2271 senatus
623 2234 822 2279 consulto,
853 2241 889 2270 et
913 2235 1050 2279 edixit,
1091 2234 1156 2282 qui
1188 2234 1282 2270 socii
1312 2246 1357 2271 ae
1386 2247 1454 2271 no·

44 2431 99 2470 11,
114 2437 133 2465 3
149 2436 357 2467 transiebant
370 2435 476 2468 Curio.
518 2437 573 2471 12,
592 2440 608 2467 5
625 2437 734 2468 sactus
761 2443 859 2469 esset.
886 2437 966 2467 Haee
982 2436 1148 2467 Lacunam
1169 2435 1324 2467 indicavit
1344 2435 1455 2478 Siyon.

43 2487 133 2521 Idem
163 2497 193 2523 et
222 2491 358 2525 Douiat.
389 2494 611 2535 suppleverunt
641 2495 722 2525 civis
757 2504 797 2525 ne
833 2501 933 2525 esse-t.
978 2493 1119 2530 1X‚1,1
1148 2492 1280 2524 Videtur
1303 2493 1457 2525 excidisse

44 2548 240 2580 consulibus
267 2550 407 2590 (deinde
433 2561 531 2588 coss„
558 2551 648 2592 quae)
675 2551 779 2582 Periz.
830 2550 863 2584 2.
880 2555 900 2581 4
921 2550 991 2581 Iac.
1021 2550 1119 2582 Gron.
1147 2561 1248 2582 naves
1275 2552 1456 2583 deduceret

44 2612 88 2634 ex
111 2606 304 2645 navalibus,
340 2609 463 2647 quibus
488 2609 588 2640 vellet
609 2608 816 2650 probabiliter
862 2608 894 2645 3,
922 2612 941 2639 3
971 2606 1035 2639 Cur
1058 2619 1118 2639 non
1144 2609 1273 2648 equites
1298 2607 1455 2640 mittere?

46 2657 119 2701 My.
151 2661 344 2700 4‚2laeum
373 2663 545 2696 Cluverius.
606 2666 639 2704 9,
666 2671 684 2696 2
711 2666 787 2696 tulit
802 2665 836 2697 S.
853 2665 890 2697 C.
911 2664 1009 2697 Gron.

1495 281 1535 315 ll

1492 421 1538 457 12
