1753 2934
568 112 642 143 Lib.
670 112 1068 145 Lxxlx—Lxxxlv.
1415 117 1462 152 59

115 243 160 274 sit
186 243 289 279 dictu,
317 248 427 273 utrum
454 242 542 273 bello
569 242 687 274 melior
719 253 762 274 an
788 253 870 284 pace
894 245 1113 284 perniciosior
1144 243 1258 281 suerit,
1292 245 1391 277 aden.
1420 255 1518 285 quam

115 313 182 334 rem
209 303 378 344 publicam
406 311 554 335 armatus
579 305 740 340 servavit,
767 314 840 335 carn
866 306 974 346 primo
1004 312 1139 345 togatus
1165 306 1254 336 omni
1281 316 1403 347 genere
1431 306 1520 338 frau-

115 364 178 405 dis,
202 370 372 405 postremo
398 365 499 395 armis
528 365 694 396 hostiliter
720 367 845 396 evertit.

639 470 702 501 Ex
722 471 808 502 LIB.
827 471 991 503 LXXXI.

208 547 245 578 L.
275 546 369 578 Sulla
392 547 560 585 Athenas,
588 558 671 588 quas
697 548 901 586 Archelaus,
927 548 1103 590 p1·aescctus
1130 548 1347 587 Mithridatis,
1375 560 1519 591 occupa-

112 615 216 644 verat,
243 608 506 639 circumsedente
532 624 546 638 x
568 624 582 638 *t
615 617 647 640 et
673 620 749 641 cum
782 618 904 645 magno
931 610 1045 641 labore
1072 619 1282 651 expugnare3
1320 612 1392 642 urbi
1418 612 1519 643 liber-

112 674 216 699 tatem
240 676 272 700 et
297 679 370 709 quae
391 670 589 711 habuerant,
609 671 764 701 reddidit.
816 671 1006 711 Magnesia,
1034 681 1108 712 quae
1134 671 1205 702 sola
1234 672 1266 702 in
1298 672 1377 703 Asia
1403 673 1519 704 civitas

111 729 144 760 in
182 730 246 761 fide
287 738 473 768 manserat,
512 742 643 763 summa
678 733 798 763 virtute
837 733 996 763 adversus
1024 732 1245 763 Mithridaten
1283 733 1422 765 defensa
1458 741 1517 772 est,

109 790 278 824 Praeterea
303 794 518 825 excursiones
544 795 715 825 Thracum
745 794 778 824 in
805 793 1043 824 Macedoniam
1070 794 1229 824 continet.

621 902 684 932 EX
710 901 797 932 LIB.
826 900 1004 932 LXXXII.

201 976 297 1007 Sulla
322 979 435 1018 copias
461 978 561 1018 regis,
602 988 675 1019 quac
701 976 903 1008 Macedonia
929 983 1094 1017 occupata
1120 976 1154 1006 in
1180 975 1391 1007 Thessaliam
1420 987 1518 1008 vene-

108 1042 202 1073 rant,
246 1038 364 1077 proelio
398 1040 495 1076 vicit,
539 1041 635 1071 caesis
661 1039 806 1070 hostium
846 1045 981 1069 centum
1008 1037 1156 1068 millibus
1182 1043 1215 1067 et
1241 1038 1358 1068 castris
1384 1048 1518 1080 quoque

107 1099 320 1138 expugnatis.
369 1100 542 1131 Renovato
576 1101 698 1131 deiude
733 1101 836 1138 bello,
869 1101 987 1131 iterum
1019 1099 1202 1130 exercitum
1238 1099 1327 1138 regis
1362 1099 1449 1131 fudit
1478 1111 1518 1132 ac

107 1157 237 1190 delevit.
289 1160 476 1193 Archelaus
513 1171 587 1192 eum
627 1162 733 1193 classe
765 1163 858 1202 regia
885 1161 988 1194 Sullae
1027 1171 1062 1191 sc
1096 1160 1244 1191 tradidit.
1297 1161 1334 1192 L.
1360 1161 1518 1195 Valerius

106 1219 252 1252 Flaccus
279 1231 368 1259 cos.,
403 1223 535 1263 collega
563 1223 698 1261 Cinnae,
733 1224 876 1261 missus,
918 1230 955 1255 ut
989 1223 1094 1254 Sullae
1131 1223 1342 1259 succederet,
1381 1229 1518 1264 propter

106 1282 282 1313 avaritiam
319 1284 444 1315 invisus
479 1285 640 1316 exercitui
676 1295 736 1316 suo
771 1295 789 1316 a
823 1286 859 1317 C.
896 1285 1047 1317 Fimbria
1079 1284 1193 1324 legato
1225 1283 1349 1324 ipsius,
1390 1285 1516 1316 ultimae

105 1343 258 1374 audaciae
287 1344 442 1381 homine,
482 1346 615 1377 occisus
655 1354 703 1377 est
740 1354 772 1377 et
804 1347 982 1388 imperium
1018 1346 1058 1376 ad
1085 1346 1270 1377 Fimbriam
1303 1347 1514 1379 translatum.

105 1403 275 1435 Praeterea
301 1413 504 1447 expugnata*
538 1408 571 1438 in
596 1408 681 1439 Asia
713 1409 814 1439 urbes
846 1418 866 1438 a
892 1409 1086 1439 Mithridate
1118 1412 1150 1438 et
1182 1407 1363 1439 crudeliter
1387 1410 1517 1451 direpta

105 1467 275 1506 provinc-ia
301 1468 572 1509 incursionesque
598 1469 770 1501 Thracum
798 1471 831 1500 in
858 1470 1093 1501 Macedoniam
1121 1468 1320 1501 referuntur.

608 1576 673 1607 EX
698 1577 786 1607 LIB.
815 1575 1012 1608 LXXXIII.
1057 1578 1060 1582 '

201 1651 339 1683 Flavius
364 1652 519 1683 Fimbria
540 1653 574 1682 in
592 1652 687 1684 Asia.
716 1653 800 1685 fusis
825 1653 944 1694 proelio
968 1653 1094 1693 aliquot
1109 1651 1275 1692 praesectis
1297 1652 1514 1693 Mithridatis,

106 1712 224 1743 urbem
249 1712 453 1753 Pergamum
487 1715 585 1755 cepit.
624 1715 864 1754 obsessumque
898 1723 1010 1753 regem
1046 1724 1114 1745 non
1148 1714 1291 1745 multum
1317 1713 1402 1745 afuit
1435 1715 1516 1755 quin

106 1779 251 1814 caperet..
303 1774 427 1806 Urbem
452 1775 564 1812 Ilium,
598 1785 672 1816 quae
698 1787 732 1807 se
758 1776 916 1817 potestati
943 1776 1045 1806 Sullae
1072 1776 1271 1813 reservabat,
1309 1777 1517 1816 expugnavit

105 1845 144 1866 ac
171 1836 297 1867 delevit
321 1842 354 1867 et
378 1846 538 1877 magnam
564 1845 692 1878 partem
712 1838 807 1869 Asiae
825 1837 962 1878 recepit.
1013 1837 1109 1868 Sulla
1134 1837 1363 1877 compluribus
1389 1839 1516 1879 proeliis

109 1897 260 1929 Thracas
286 1899 418 1931 cecidit.
480 1897 588 1936 Quum
616 1900 655 1932 L.
683 1898 793 1930 Cinna
830 1906 862 1929 et
895 1899 955 1931 Cn.
983 1899 1140 1939 Papirius
1166 1897 1296 1936 Carbo,
1331 1910 1349 1930 a
1376 1910 1410 1931 se
1435 1900 1516 1940 ipsis

106 1959 261 1990 consules
286 1969 344 2000 per
371 1960 541 1991 biennium
568 1961 684 1997 creati,
710 1960 836 1991 bellum
865 1967 982 1991 eontra
998 1960 1127 1992 Sullam
1152 1967 1388 2000 praepararent‚
1417 1961 1515 1992 effec-

105 2025 175 2051 tum
210 2028 259 2052 est
292 2031 352 2062 per
377 2022 417 2054 L.
444 2022 617 2053 Valerium
643 2022 804 2053 Flaccum
839 2022 1024 2062 principem
1055 2027 1209 2059 senatus,
1249 2023 1304 2062 qui
1330 2024 1515 2054 orationem

104 2081 139 2111 in
164 2087 283 2113 senatu
308 2083 443 2122 habuit,
484 2090 516 2115 et
540 2093 600 2124 per
625 2093 700 2116 eos.
740 2084 795 2124 qui
823 2083 1014 2114 concordiae
1047 2083 1246 2120 studebant,
1284 2089 1321 2114 ut
1346 2084 1448 2123 legati
1473 2086 1516 2116 ad

105 2141 236 2174 Sullam
271 2145 312 2175 de
344 2155 428 2186 paee
460 2146 682 2176 mitterentur.
743 2144 853 2176 Cinna
889 2145 930 2175 ab
960 2145 1109 2176 exercitu
1135 2154 1213 2181 suo,
1250 2153 1347 2184 quem
1374 2144 1515 2174 invitum

105 2206 250 2246 cogebat
285 2216 389 2238 naves
429 2208 653 2238 conscendere
686 2213 719 2237 et
749 2207 909 2237 adversus
936 2206 1065 2238 Sullam
1097 2205 1274 2247 proficisci,
1316 2204 1514 2236 interfectus

104 2273 174 2304 est;
202 2268 414 2299 consulatum
442 2268 554 2301 Carbo
582 2269 674 2299 solus
699 2269 814 2308 gessit.
866 2267 962 2300 Sulla
988 2277 1091 2306 quum
1116 2267 1150 2297 in
1174 2267 1293 2298 Asiam
1319 2267 1514 2304 traiecisset,

103 2337 221 2368 pacem
248 2339 323 2361 cum
350 2330 548 2361 Mithridate
574 2329 662 2366 fecit,
690 2330 735 2360 ita
761 2336 798 2359 ut
822 2329 872 2360 his
899 2329 1033 2359 cederet
1057 2329 1249 2369 provinciis,
1276 2329 1371 2365 Asia,
1395 2329 1515 2369 Bithy—

105 2389 172 2427 nia,
200 2389 428 2432 Cappadocia.
474 2391 627 2422 Fimbria
645 2391 794 2422 desertus
813 2391 855 2421 ab
872 2391 1033 2428 exercitu,
1052 2391 1107 2431 qui
1122 2391 1164 2421 ad
1180 2389 1309 2422 Sullam
1327 2390 1514 2427 transierat,

103 2450 176 2491 ipse
202 2461 237 2483 se
261 2455 429 2492 percussit
448 2454 705 2495 impetravitque
731 2453 771 2483 de
798 2463 894 2483 servo
919 2462 991 2490 suo,
1026 2452 1178 2493 praebens
1205 2451 1381 2489 cervicem,
1418 2457 1454 2482 ut
1479 2461 1515 2482 se

103 2512 313 2545 interficeret.

604 2561 670 2592 EX
696 2559 783 2592 LIB.
812 2559 1010 2591 LXXXIV.

198 2637 294 2670 Sulla
318 2637 462 2678 legatis,
500 2637 556 2679 qui
591 2647 610 2668 a
639 2642 758 2669 senatu
784 2637 878 2667 missi
904 2640 1016 2673 crant,
1045 2635 1193 2667 futurum
1227 2645 1263 2667 se
1290 2636 1325 2666 in
1349 2639 1515 2676 potestate
