1753 2934
626 161 702 193 Lib.
730 160 948 193 th-th
1385 165 1430 200 51

87 298 247 333 tanquam
275 292 304 322 ei
340 301 505 323 venenum
533 293 698 324 dedisset.
738 292 937 334 Sempronia
971 302 1056 323 uxor
1087 293 1165 323 hinc
1201 293 1364 330 maxime,
1403 293 1492 334 quod

88 363 182 385 soror
218 359 304 384 esset
331 354 582 390 Gracchorum,
624 364 699 384 cum
738 354 858 394 quibus
897 354 1049 386 simultas
1086 354 1246 386 Africano
1287 354 1414 392 suerat;
1453 355 1493 386 de

88 421 194 446 morte
224 421 333 446 tamen
366 415 435 446 eius
471 415 561 445 nullu
595 415 734 456 quaestio
767 422 852 445 acta.
915 415 1085 446 Defuncto
1112 425 1151 447 eo
1177 417 1287 448 acrius
1313 417 1492 448 seditiones

88 477 310 508 triumvirales
337 483 544 508 exarserunt.
601 475 638 507 C.
668 476 885 517 Sempronius
922 485 991 507 cos.
1025 477 1184 507 adversus
1210 477 1354 518 Iapydas
1387 479 1494 519 primo

89 537 176 568 male
210 547 279 569 rem
315 539 439 578 gessit,
478 548 559 569 mox
595 539 735 569 victoria
772 537 901 568 cladem
939 543 1112 579 acceptam
1145 539 1339 569 emendavit
1374 539 1494 570 virtute

90 598 132 629 D.
157 598 245 635 Iunii
271 599 377 636 Bruti,
405 600 485 632 eius.
513 600 569 639 qui
595 599 803 631 Lusitaniam
831 600 1020 640 subegerat.

651 708 715 740 EX
741 709 828 741 LIB.
857 709 929 741 LX.

183 781 221 813 L.
252 782 411 813 Aurelius
448 792 514 814 cos.
551 784 715 817 bellantes
752 786 877 818 Sardos
913 784 1058 824 subegit.
1108 782 1155 814 M.
1184 782 1324 813 Fulvius
1352 783 1496 816 Flaccus

88 843 214 884 primus
239 843 482 884 Transalpinos
508 845 650 886 Ligures
677 847 805 877 domuit
831 846 940 887 bello,
977 846 1098 876 missus
1124 845 1158 875 in
1183 844 1346 875 auxilium
1373 844 1496 876 Massi-

88 904 245 936 liensium
271 906 431 937 adversus
462 906 629 939 Salluvios
656 907 785 945 Gallos,
812 908 867 948 qui
893 907 976 938 fines
997 905 1262 937 Massiliensium
1286 906 1498 946 populaban-

90 973 152 998 tur.
215 966 254 998 L.
283 967 437 1008 Opimius
469 976 593 1009 praetor
617 969 856 1009 Fregellanos,
893 969 948 1008 qui
978 967 1188 1003 defecerant,
1222 966 1255 997 in
1290 967 1495 998 deditionem

89 1029 230 1069 accepit,
256 1029 430 1070 Fregellas
456 1031 567 1062 diruit.
619 1031 814 1063 Pestilentia
849 1031 882 1061 in
912 1029 1028 1061 Africa
1062 1029 1105 1059 ab
1132 1029 1259 1066 ingenti
1287 1029 1497 1060 lucustarum

90 1089 302 1122 multitudine
339 1097 370 1121 et
404 1093 522 1123 deinde
559 1099 749 1123 necatarum
788 1098 900 1132 strage
935 1091 1039 1122 fuisse
1071 1090 1223 1120 traditur.
1275 1089 1436 1122 Lustrum
1478 1100 1498 1121 a

91 1152 286 1183 censoribus
301 1154 472 1184 conditum
488 1160 554 1192 est3
573 1156 764 1186 censa'sunt
778 1155 899 1185 civium
915 1155 1025 1194 capita
1041 1151 1248 1185 CCCXCIV
1266 1152 1496 1183 DCCXXVI.

93 1210 127 1243 C.
157 1214 340 1250 Gracchus,
371 1215 500 1247 Tiberii
526 1216 639 1254 frater,
666 1216 740 1247 trib.
769 1216 894 1257 plebis,
921 1215 1132 1255 eloquentior
1157 1224 1256 1255 quam
1283 1213 1395 1251 frater,
1423 1223 1500 1254 per-

89 1273 234 1306 niciosas
259 1276 390 1318 aliquot
414 1277 505 1317 leges
531 1278 617 1315 tulit,
659 1278 745 1308 inter
770 1287 852 1318 quas
878 1276 1139 1313 frumentariam,
1185 1282 1222 1306 ut
1257 1276 1344 1306 senis
1371 1275 1443 1306 ceris
1467 1282 1499 1306 et

91 1337 212 1367 triente
244 1337 447 1369 frumentum
483 1339 573 1380 plebi
609 1339 758 1376 daretur3
797 1338 938 1369 alteram
967 1338 1076 1377 legem
1113 1338 1300 1377 agrariam,
1339 1346 1441 1377 quam
1468 1343 1500 1367 et

91 1396 194 1428 frater
220 1399 291 1430 eius
318 1399 457 1434 tuleram
493 1401 643 1432 tertiam.
682 1410 747 1441 qua
773 1405 963 1441 equestrem
989 1399 1139 1430 ordinem
1166 1406 1245 1429 tune
1272 1408 1346 1429 cum
1380 1404 1501 1429 senatu

93 1460 361 1491 consentientem
397 1469 638 1503 corrumperet,
676 1468 711 1492 ut
746 1462 896 1492 sexcenti
930 1471 972 1491 ex
1005 1461 1116 1500 equite
1150 1461 1185 1490 in
1221 1461 1348 1491 curiam
1390 1460 1501 1491 suble·

93 1526 252 1560 gerentur
277 1528 326 1559 et,
363 1523 442 1562 quia
468 1523 533 1555 illis
559 1524 766 1565 temporibus
793 1521 882 1554 CCC
917 1528 1047 1554 tantum
1081 1528 1253 1553 senatores
1289 1529 1404 1559 erant,
1439 1521 1501 1553 Dc

93 1583 222 1624 equites
247 1581 336 1615 CCC
363 1585 573 1616 senatoribus
601 1585 884 1622 admiscerentur,
917 1584 950 1614 id
976 1588 1042 1619 est,
1078 1590 1113 1613 ut
1145 1590 1303 1624 equester
1333 1585 1416 1614 ordo
1449 1584 1502 1615 bis

92 1649 223 1675 tantum
249 1645 366 1676 virium
401 1646 437 1676 in
464 1651 582 1676 senatu
615 1647 772 1684 haberet3
813 1651 863 1683 et,
901 1644 1097 1676 continuato
1129 1645 1163 1674 in
1197 1644 1338 1675 alterum
1374 1655 1502 1675 annum

92 1705 282 1742 tribunatu,
311 1707 444 1747 legibus
470 1709 613 1748 agrariis
639 1709 716 1739 latis
743 1706 870 1745 effecit,
899 1712 936 1738 ut
960 1707 1151 1747 complures
1177 1706 1320 1737 eoloniae
1346 1707 1378 1736 iu
1404 1706 1503 1736 Italia

92 1766 336 1798 deducerentur
373 1775 405 1799 et
442 1779 509 1799 una
544 1770 579 1800 in
615 1769 688 1801 solo
723 1769 841 1800 dirutae
871 1768 1096 1808 Carthaginis,
1140 1778 1206 1809 quo
1243 1769 1318 1808 ipse
1351 1768 1504 1798 triumvir

94 1833 224 1860 creatus
259 1829 428 1861 coloniam
461 1830 613 1864 deduxit.
671 1830 838 1861 Praeterea
875 1840 926 1861 res
953 1840 972 1860 a
997 1829 1038 1868 Q.
1065 1829 1206 1861 Metello
1241 1839 1311 1862 cos.
1345 1830 1504 1861 adversus

91 1889 244 1921 Baliares
277 1897 389 1930 gestas
415 1892 575 1929 continet,
613 1901 697 1932 quos
724 1891 832 1923 Graeci
860 1890 1062 1932 Gymnesios
1087 1890 1271 1932 appellant,
1300 1891 1379 1931 quia
1404 1896 1503 1922 aesta-

93 1956 160 1982 tem
186 1952 266 1984 nudi
292 1954 450 1994 exigunt3
475 1953 628 1986 Baliares
653 1964 673 1984 a
698 1954 754 1984 teli
779 1955 886 1985 missu
912 1952 1074 1994 appellati
1099 1952 1153 1982 vel
1182 1962 1201 1982 a
1219 1951 1329 1989 Balio,
1348 1951 1503 1982 Herculis

94 2014 215 2045 comite
246 2014 292 2045 ibi
328 2015 461 2052 relicto,
502 2025 603 2056 quum
640 2015 805 2046 Hercules
842 2016 884 2045 ad
918 2015 1107 2054 Geryonem
1141 2014 1328 2053 navigaret.
1388 2012 1504 2044 Motus

94 2084 229 2115 quoqne
256 2075 360 2116 Syriae
386 2075 584 2113 referuntur,
617 2077 652 2107 in
679 2077 801 2117 quibus
829 2076 1010 2117 Cleopatra
1035 2075 1244 2107 Demetrium
1271 2075 1379 2106 virum
1407 2084 1503 2105 suum

94 2141 127 2168 et
153 2136 329 2168 Seleucum
355 2137 470 2175 filium,
497 2138 682 2178 indignata,
715 2139 803 2179 quod
831 2138 943 2169 occiso
967 2142 1061 2178 patre
1087 2137 1158 2168 eius
1184 2147 1204 2167 a
1229 2147 1263 2168 se
1288 2137 1418 2168 iniussu
1443 2146 1504 2168 suo

94 2197 252 2230 diadema
276 2199 485 2241 sumpsisset,
512 2200 692 2231 interemit.

650 2306 716 2337 EX
740 2306 831 2340 LIB.
857 2305 948 2337 LXI.

189 2381 228 2414 C.
246 2381 380 2414 Sextius
397 2392 530 2423 procos.
558 2383 649 2414 victa
675 2383 902 2415 Salluviorum
928 2386 1027 2421 gente
1047 2381 1216 2412 coloniam
1236 2384 1352 2422 Aquas
1368 2380 1504 2412 Sextias

95 2443 256 2481 condidit,
298 2443 341 2475 ob
379 2453 542 2484 aquarum
579 2445 709 2486 copiam
749 2454 765 2475 e
802 2444 908 2475 caldis
945 2442 1144 2483 frigidisque
1177 2436 1326 2474 fontibu's
1359 2447 1458 2481 atque
1485 2451 1505 2472 a

94 2506 229 2536 nomine
255 2515 314 2537 suo
339 2506 386 2536 ita
414 2507 612 2548 appellatas.
664 2504 725 2537 Cn.
756 2505 925 2536 Domitius
951 2514 1082 2545 procos.
1110 2505 1270 2535 adversus
1300 2502 1504 2542 Allobrogas

94 2567 138 2598 ad
180 2567 339 2608 oppidum
377 2567 573 2598 Vindalium
612 2567 754 2598 feliciter
794 2566 972 2608 pugnavit,
1015 2566 1136 2607 quibus
1173 2566 1298 2597 bellum
1338 2564 1505 2595 inferendi

95 2637 198 2659 causa
222 2627 294 2666 fuit,
321 2629 411 2669 quod
429 2629 684 2660 Tutomotulum
701 2627 928 2660 Salluviorum
951 2636 1066 2667 regem
1091 2626 1276 2667 fugientem
1302 2626 1504 2667 recepissent

96 2694 129 2720 et
166 2690 256 2721 omni
293 2699 356 2730 ope
394 2690 566 2727 iuvissent,
610 2690 767 2730 qnodque
806 2689 996 2720 AEduorum
1038 2698 1157 2729 agros,
1199 2689 1351 2719 sociorum
1389 2685 1504 2728 populi

1201 2749 1241 2780 4*
