1753 2934
487 143 587 174 Liber
612 143 720 174 XLV.
786 144 846 177 (Α.
876 143 953 174 Chr.
989 146 1080 179 167.)
1365 144 1434 178 251

89 273 126 302 et
155 279 201 302 ex
231 266 383 302 Boeotia
413 272 450 302 et
487 279 535 303 ex
565 266 647 302 aliis
680 265 841 303 Graeciae
872 266 1041 301 conciliis
1073 265 1261 307 adessent,
1292 263 1498 311 implevere

89 347 200 371 aures
240 336 368 372 decem
408 336 639 384 legatorum:
684 336 773 373 Non
813 348 878 371 eos
910 343 1078 379 tantum,
1119 334 1181 382 qui
1221 346 1260 369 se
1297 334 1496 381 propalam

88 418 156 454 per
185 406 392 442 vanitatem
433 407 640 442 iactassent
669 413 865 452 tamquam
897 405 1066 452 hospites
1105 411 1141 440 et
1179 404 1323 439 amicos
1357 403 1499 446 Persei,

87 476 152 511 sed
185 475 302 511 multo
334 476 460 524 plures
489 476 585 512 alios
607 489 653 511 ex
676 475 824 511 occulto
847 475 989 510 favisse
1019 476 1111 521 regi,
1143 474 1206 521 qui
1238 487 1306 521 per
1335 474 1497 521 speciem

86 545 235 580 tuendae
263 545 448 581 libertatis
478 546 515 581 in
544 545 712 581 conciliis
740 545 923 580 adversus
948 545 1144 580 Romanos
1177 544 1305 579 omnia
1334 544 1500 579 instrux-

87 613 215 657 issent,
246 627 315 651 nec
346 615 455 651 aliter
485 627 549 651 eas
580 626 781 651 mansuras
806 615 842 650 in
867 614 940 650 fide
965 621 1109 661 gentes,
1140 614 1223 656 nisi,
1254 613 1384 648 frat-tis
1417 613 1497 648 ani-

87 684 196 727 mis†
226 685 404 733 partium,
435 686 599 721 aleretur
630 685 994 731 confirmareturque
1019 683 1226 719 auctoritas
1259 696 1403 720 eorum.
1435 683 1497 730 qui

86 754 177 789 nihil
209 763 346 802 praeter
375 755 574 804 imperium
610 756 872 791 Romanorum
906 760 1134 801 spectarent.
1202 754 1266 789 Ab
1298 753 1354 788 liis
1387 753 1496 788 editis

86 824 314 869 nominibus,
348 825 497 860 evocati
526 825 659 860 litteris
685 823 927 872 imperatoris
958 836 1004 859 ex
1027 823 1177 859 AEtolia
1200 823 1498 869 Acarnaniaque

87 900 123 929 et
155 894 275 942 Epiro
306 901 342 930 et
370 895 544 939 Boeotia,
577 895 640 942 qui
670 895 834 930 Romam
869 893 916 928 ad
950 905 1104 929 causam
1133 892 1332 928 dicendam
1365 904 1498 938 seque-

85 971 235 1005 rentur;
273 964 309 999 in
333 965 523 1001 Achaiam
555 977 602 1001 ex
624 965 752 1000 decem
783 963 997 1010 legatorum
1029 975 1186 999 nurnero
1218 961 1378 1010 profecti
1411 962 1498 1005 (luo,

86 1032 129 1069 C.
163 1032 346 1069 Claudius
380 1041 417 1069 et.
450 1033 518 1071 Cn.
551 1034 767 1077 Domitius,
811 1040 849 1068 ut
892 1033 964 1080 ipsi
1003 1033 1126 1068 edicto
1164 1038 1380 1069 evocarent.
1452 1032 1495 1067 Id

87 1102 234 1138 duabus
261 1104 307 1139 de
337 1103 462 1140 causis
491 1102 648 1147 factum,
679 1116 766 1147 una,
798 1104 900 1150 quod
933 1103 1079 1139 fiduciae
1102 1103 1185 1151 plus
1208 1102 1500 1150 animorumque

87 1183 170 1208 esse
193 1174 344 1209 Achaeis
378 1174 426 1209 ad
457 1187 532 1209 non
564 1173 773 1222 parendum
806 1173 1024 1218 credebant,
1057 1180 1093 1209 et-
1123 1172 1284 1209 forsitan
1317 1172 1429 1207 etiam
1463 1171 1499 1207 in

85 1242 254 1289 periculo
292 1243 375 1279 sore
413 1243 643 1280 Callicraten
682 1250 718 1279 et
760 1250 907 1279 ceteros
945 1242 1144 1278 criminum
1184 1248 1360 1277 auctores
1394 1241 1500 1277 dela-

83 1317 284 1359 toresque3
330 1314 469 1359 altera,
505 1326 572 1350 eur
602 1320 808 1362 praesentes
840 1319 1066 1357 evocarent,
1104 1324 1221 1348 causa
1252 1318 1352 1354 erat,
1396 1310 1498 1358 quod

85 1393 133 1417 ex
164 1381 247 1417 aliis
279 1383 455 1429 gentibus
485 1383 697 1431 principum
732 1383 877 1419 litteras
908 1382 1118 1430 deprensas
1148 1382 1186 1416 in
1217 1381 1499 1417 commentariis

84 1451 198 1499 regiis
228 1453 445 1497 habebant,
479 1453 517 1489 in
547 1453 701 1489 Achaeis
741 1465 881 1489 caecum
913 1459 996 1488 erat
1025 1452 1180 1496 crimen,
1222 1450 1333 1486 nullis
1365 1462 1496 1486 eorum

84 1520 216 1557 litteris
250 1522 424 1559 inventis.

196 1592 339 1628 AEtolis
370 1593 555 1637 dimissis,
601 1594 850 1629 Acarnanum
882 1591 999 1627 citata
1028 1603 1134 1639 gens.
1213 1591 1259 1627 In
1304 1590 1362 1625 his
1406 1589 1498 1625 nihil

85 1668 292 1706 novatum,
343 1663 413 1698 nisi
452 1663 555 1710 quod
589 1663 736 1698 Leucas
774 1668 954 1709 exempta
991 1668 1048 1697 est
1078 1663 1326 1697 Acarnanum
1370 1659 1498 1695 conci-

85 1731 146 1769 lio.
216 1732 431 1778 Quaerendo
469 1732 605 1769 deinde
646 1732 782 1777 latius,
823 1732 887 1779 qui
924 1731 1075 1780 publice
1107 1736 1172 1767 aut
1201 1730 1379 1779 privatim
1408 1742 1496 1777 par-

84 1801 176 1838 tium
221 1802 323 1850 regis
367 1802 547 1847 fuissent,
598 1803 635 1839 in
674 1803 810 1839 Asiam
861 1814 1014 1850 quoque
1061 1801 1317 1848 cognitionem
1368 1806 1499 1834 exten-

87 1872 188 1915 dere,
219 1879 256 1908 et
285 1872 333 1909 ad
365 1873 562 1909 Antissam
594 1874 632 1909 in
664 1873 790 1909 Lesbo
821 1872 945 1908 insula
976 1872 1214 1910 diruendam,
1244 1869 1500 1906 traducendos

86 1941 351 1990 Methymnam
383 1943 608 1988 Antissaeos,
640 1943 861 1978 Labeonem
895 1942 1089 1985 miserunt,
1121 1941 1223 1988 quod
1250 1943 1500 1984 Antenorem,

87 2011 232 2058 regium
264 2011 498 2060 praefectum,
529 2025 605 2060 quo
635 2018 807 2060 tempore
837 2024 921 2047 cum
949 2011 1083 2047 lembis
1114 2011 1215 2047 circa
1247 2011 1412 2047 Lesbum
1446 2017 1502 2046 est

88 2089 274 2128 vagatuS,
312 2088 424 2130 portu
462 2089 655 2131 receptum
687 2082 964 2118 commeatibus
997 2081 1193 2118 iuvissent.
1258 2081 1348 2116 Duo
1379 2079 1501 2116 securi

91 2204 108 2230 2
136 2200 285 2231 boetiam
308 2201 312 2239 1
336 2203 613 2234 conciliaeessent
639 2202 704 2243 (Η.
733 2201 1030 2241 conciliabessent)
1083 2201 1113 2238 7,
1142 2204 1160 2231 2
1188 2206 1356 2232 actassent
1406 2205 1425 2231 3
1452 2201 1502 2231 fa-

90 2257 180 2288 uisse
207 2258 325 2299 reliqui
352 2269 411 2300 per
438 2259 509 2301 My.
526 2260 599 2291 Em.
620 2260 687 2292 613
713 2259 833 2302 (Gr-yn.
865 2259 1007 2290 fauisse:
1034 2259 1180 2299 reliquos
1206 2268 1266 2300 per
1294 2277 1333 2281 —-
1353 2259 1503 2290 instrux-

89 2315 186 2356 isse:)
247 2316 279 2354 8,
310 2320 322 2347 l
352 2317 474 2348 animis
499 2319 627 2358 aptium
653 2319 762 2349 aletur
816 2317 854 2348 ln
881 2318 1007 2358 aptium
1035 2316 1109 2347 latet
1129 2327 1190 2347 vox
1214 2323 1271 2348 aut
1298 2315 1504 2348 adversarios

90 2379 146 2404 aut
167 2373 246 2404 inter
270 2380 418 2416 utrasque
440 2381 548 2416 partes
574 2375 690 2406 medios
713 2376 899 2417 sz'ym'ficans
925 2375 1126 2415 (ancipitum
1137 2374 1183 2415 P).
1231 2378 1250 2404 3
1278 2375 1362 2405 nihil
1389 2384 1503 2405 eorum

88 2437 210 2471 praeter
231 2431 235 2470 Ι
259 2439 534 2473 exspectarentur
605 2433 638 2471 9,
665 2438 682 2463 2
711 2433 862 2464 euocatis
927 2436 946 2463 3
974 2433 1122 2463 boetiam
1190 2432 1243 2470 10,
1272 2436 1291 2462 2
1318 2442 1418 2463 unam
1484 2432 1502 2463 3

91 2493 180 2520 esset
205 2489 320 2520 acheis
392 2495 412 2520 4
438 2490 510 2521 fore
536 2491 985 2531 galligaratenetoeteeteros
1064 2490 1119 2528 11,
1145 2494 1164 2520 3
1191 2491 1225 2520 in
1251 2491 1340 2521 aceis
1403 2490 1456 2527 12,
1488 2493 1500 2520 1

91 2546 211 2577 iaetolis
267 2546 321 2584 13,
353 2551 365 2578 1
401 2548 545 2588 puhlicae
598 2547 653 2586 14,
673 2552 685 2579 l
707 2549 860 2579 intissam
887 2546 1004 2589 (Gryn.
1034 2548 1214 2588 Autissan)
1237 2547 1242 2587 Ι
1264 2548 1409 2579 insulam
1438 2549 1504 2578 dir·

91 2604 202 2634 uenda
228 2603 337 2643 (Fort.
363 2605 560 2636 diruendam
588 2611 620 2636 et
645 2606 747 2645 trad.)
813 2609 831 2635 2
859 2611 1030 2646 metymna
1056 2607 1223 2637 antisseos
1245 2605 1428 2636 labeonum
1485 2609 1504 2636 3

90 2661 278 2702 profectum
300 2661 306 2703 Ι
329 2663 419 2693 circa
443 2663 592 2694 lembum
643 2667 663 2694 4
690 2669 827 2704 receptu

1534 1034 1579 1069 10

1535 1315 1576 1349 tl

1533 1592 1578 1627 12

1534 1732 1580 1768 13

1536 1874 1584 1908 14

1538 2085 1584 2120 15
