1796 2929
184 342 197 375 1

154 542 202 587 13

213 342 223 376 1

218 1875 236 1907 κ]

322 152 394 187 132
664 147 765 178 Liber
789 145 916 177 XLIII.
975 145 1035 185 (A.
1057 156 1087 175 u.
1108 154 1135 176 ο.
1158 145 1251 183 585.)

262 272 414 308 decreti.
475 269 622 305 Finitus
651 268 702 303 ibi
735 279 888 314 quoque
917 267 954 302 in
986 266 1154 314 legiones
1184 266 1343 301 militum
1377 278 1570 307 numerus,
1599 278 1666 313 pe-

262 342 379 377 ditum
412 339 528 386 quina
556 337 660 373 milia
689 336 823 372 duceni
866 343 901 372 et
932 336 1072 372 treceni
1103 336 1260 382 equites.
1322 335 1373 371 Et
1406 335 1519 371 sociis
1548 335 1667 382 impe-

261 422 347 446 rare
376 415 528 456 praetor,
559 406 618 442 cui
651 406 840 454 Hispania
873 406 1116 443 obvenisset.
1162 405 1286 440 iussus
1317 405 1402 440 1111
1433 404 1536 440 milia
1565 404 1671 451 pedi-

261 486 339 514 tum
371 484 407 513 et
442 475 542 513 CCC
573 476 732 523 equites.

372 547 464 584 Non
493 559 576 582 sum
607 546 768 588 nescius,
799 545 847 580 ab
883 545 1014 580 eadem
1047 544 1304 592 neclegentia.
1337 544 1426 591 quia
1453 543 1544 579 nihil
1575 543 1667 579 deos

260 617 488 666 portendere
518 616 634 664 vulgo
665 627 764 650 nunc
795 614 963 657 credant.
1009 627 1132 661 neque
1163 613 1327 648 nuntiari
1357 613 1562 648 admodum
1595 612 1672 648 ulla

262 686 438 736 prodigia
479 686 516 721 in
557 685 749 733 publicum
790 696 913 731 neque
950 683 988 719 in
1029 683 1186 719 annales
1219 682 1364 719 referri.
1428 680 1605 717 Ceterum
1637 686 1675 716 et

262 757 371 801 mihi,
420 762 589 791 vetustas
630 766 690 790 res
728 753 931 797 scribenti,
993 753 1120 788 nescio
1166 765 1241 799 quo
1288 758 1401 800 pacto
1445 751 1591 787 anticus
1633 751 1675 786 fit

262 827 435 869 animus,
484 831 521 861 et
551 824 724 872 quaedam
756 823 889 871 religio
921 829 1041 865 tenet.
1091 834 1174 869 quae
1210 822 1263 857 illi
1292 820 1574 869 prudentissimi
1605 820 1675 856 viri

262 896 412 945 publice
441 893 682 941 suscipienda
713 893 938 936 censuerint,
970 905 1015 927 ca
1046 905 1115 940 pro
1147 891 1311 939 indignis
1341 891 1494 933 habere,
1526 902 1609 937 quae
1638 890 1675 925 in

266 978 369 1002 meos
402 964 557 1000 annales
588 962 766 999 referam.
835 962 1018 1009 Anagnia
1062 961 1137 996 duo
1178 961 1355 1008 prodigia
1387 972 1431 995 eo
1463 971 1562 994 anno
1590 964 1678 994 sunt,

264 1036 457 1077 nuntiata,
500 1033 620 1069 facem
657 1033 693 1067 in
726 1032 816 1068 caelo
854 1037 1124 1079 conspectam.
1171 1037 1206 1066 et
1237 1031 1374 1065 bovem
1409 1029 1589 1065 feminam
1621 1028 1677 1064 lo-

264 1112 410 1148 cutamg
442 1117 518 1140 eam
548 1103 699 1151 publice
734 1102 796 1138 ali.
862 1101 1075 1136 Menturnis
1111 1112 1263 1147 quoque
1291 1100 1454 1147 per'cos
1485 1098 1564 1134 dies
1596 1098 1675 1134 caeli

265 1175 431 1210 ardentis
469 1173 615 1221 species
660 1171 881 1207 adfulserat.
962 1171 1083 1206 Reate
1129 1169 1241 1205 imbri
1281 1169 1480 1216 lapidavit.
1547 1167 1678 1204 Cumis

264 1244 301 1280 in
332 1256 419 1280 arce
451 1242 595 1290 Apollo
626 1241 792 1277 triduum
825 1252 869 1276 ac
905 1247 981 1275 tres
1023 1245 1154 1275 noctes
1194 1239 1421 1275 lacrimavit.
1500 1238 1544 1273 In
1585 1237 1679 1272 urbe

264 1316 442 1350 Romana
473 1312 548 1347 duo
581 1310 708 1346 aeditui
740 1310 972 1353 nuntiarunt,
1009 1309 1105 1344 alter
1134 1309 1171 1344 in
1204 1309 1284 1344 aede
1302 1309 1484 1343 Fortunae
1515 1318 1677 1354 anguem

266 1384 436 1420 iubatum
470 1395 492 1417 a
525 1380 771 1429 conpluribus
801 1379 923 1414 visum
960 1390 1064 1419 esse,
1110 1378 1206 1413 alter
1246 1378 1284 1412 in
1327 1377 1406 1412 aede
1438 1376 1681 1423 l'rimigcniae

272 1455 472 1497 Fortunae,
503 1464 587 1499 quae
616 1451 653 1486 in
685 1449 780 1486 colle
810 1455 886 1491 est,
916 1449 991 1484 duo
1024 1447 1175 1483 diversa
1205 1446 1405 1495 prodigia,
1444 1445 1612 1494 palmam
1645 1445 1682 1480 in

271 1537 361 1560 area
398 1528 564 1565 enatam,
597 1528 633 1557 et.
661 1520 846 1568 sanguine
877 1517 1039 1554 interdiu
1072 1517 1225 1564 pluisse.
1280 1516 1370 1552 Duo
1399 1527 1475 1551 non
1507 1521 1684 1563 suscepta

269 1593 445 1642 prodigia
474 1598 586 1634 sunt,
633 1591 817 1632 alterum,
860 1588 961 1635 quod
1007 1587 1043 1622 in
1084 1587 1235 1634 privato
1273 1586 1358 1621 loco
1389 1585 1530 1621 facturn
1563 1591 1681 1621 esset:

268 1663 437 1711 palmam
479 1668 631 1697 enatam
672 1661 707 1695 in
744 1657 914 1706 inpluvio
952 1669 1020 1692 suo
1061 1657 1109 1692 T.
1140 1655 1310 1691 Marcius
1344 1655 1502 1703 Figulus
1533 1654 1683 1690 nuntia-

269 1734 351 1777 bat3
385 1732 567 1774 alterum,
608 1730 708 1777 quod
742 1729 779 1764 in
810 1727 894 1763 loco
926 1726 1150 1774 peregrino:
1199 1725 1384 1772 Fregellis
1417 1725 1454 1760 in
1488 1725 1602 1760 domo
1637 1724 1682 1760 L.

271 1802 380 1839 Atrei
409 1802 535 1845 hasta,
569 1812 683 1847 quam
715 1798 792 1834 filio
825 1796 930 1832 militi
963 1801 1118 1838 emerat,
1148 1795 1309 1830 interdiu
1333 1795 1416 1841 plus
1439 1794 1533 1829 duas
1564 1794 1680 1829 horas

271 1872 430 1916 arsisse,
464 1871 515 1907 ita
546 1877 587 1906 ut
617 1868 710 1904 nihil
741 1867 820 1903 eius
851 1867 1069 1902 ambureret
1099 1864 1215 1912 ignis,
1261 1864 1471 1899 dicebatur.
1550 1862 1683 1899 Publi-

271 1955 401 1979 corum
447 1940 708 1990 prodigiorum
758 1949 876 1973 causa
926 1935 1012 1970 libri
1067 1947 1090 1968 a
1138 1933 1362 1969 decemviris
1413 1933 1517 1970 aditi.
1604 1932 1681 1968 XL

271 2011 480 2049 maioribus
513 2009 647 2046 hostiis
679 2007 818 2055 quibus
851 2005 922 2041 diis
953 2003 1128 2041 consules
1159 2003 1435 2048 sacrificarent,
1472 2002 1684 2045 ediderunt,

273 2127 291 2153 4
318 2122 410 2153 milia
434 2121 558 2152 treceni
586 2124 618 2149 et
645 2126 737 2148 ‘xxx’
764 2115 893 2156 equites
908 2113 1072 2144 Drakenb.
1125 2112 1178 2145 11,
1209 2117 1221 2143 1
1252 2113 1431 2152 imperaret
1479 2111 1576 2145 XIII,
1605 2110 1636 2148 1,
1667 2114 1678 2141 ι

272 2180 436 2222 nonesum
464 2189 470 2228 Ι
499 2175 748 2227 neclcgiacntia
769 2184 774 2224 1
797 2194 864 2223 qua
889 2182 971 2214 nihil
999 2181 1069 2222 My.
1098 2181 1171 2212 Em.
1198 2181 1267 2212 554
1325 2186 1343 2212 2
1382 2181 1563 2212 admodum
1591 2179 1686 2210 nulla

278 2248 376 2280 Gron.
427 2251 446 2278 3
473 2247 506 2277 in
531 2245 771 2287 publicumque
797 2243 831 2272 in
887 2240 921 2276 2,
947 2243 964 2269 3
997 2239 1088 2278 regio
1147 2242 1166 2268 4
1192 2239 1335 2279 publicae
1361 2239 1574 2279 suscipiendo
1597 2237 1601 2276 Ι
1624 2247 1684 2278 pro

261 2305 384 2345 'dignis
419 2303 543 2335 Crever.
606 2302 645 2338 3.
681 2304 699 2331 2
729 2300 877 2330 locutam
911 2297 1055 2338 publicae
1081 2295 1307 2328 IIuIlemarms.
1344 2296 1415 2337 Μι),
1443 2295 1515 2327 Em.
1544 2294 1613 2327 554
1665 2298 1684 2325 :3

276 2373 454 2405 mentumis
479 2371 599 2413 (Gt-yn.
627 2367 828 2407 Minturnis)
879 2370 898 2396 4
924 2366 1067 2406 speciem
1115 2364 1148 2398 4.
1165 2368 1183 2394 2
1201 2365 1259 2396 tris
1285 2365 1395 2396 noctis
1446 2369 1465 2396 3
1493 2353 1616 2395 εᾱὶῑὰιιί
1668 2367 1686 2392 4

275 2432 424 2462 iuuatum
488 2429 518 2465 5,
557 2432 569 2458 l
608 2427 787 2458 alternaede
811 2424 815 2465 ἱ
836 2424 1032 2465 primigenae
1062 2421 1160 2453 Gron.
1224 2427 1241 2453 2
1269 2423 1424 2463 prodigia
1449 2431 1523 2462 quae
1549 2421 1582 2451 in
1618 2419 1687 2451 col-

275 2489 361 2530 leem
398 2498 545 2539 palmam
580 2496 614 2526 in
639 2499 818 2526 ati-enatum
876 2492 908 2529 6,
935 2495 953 2522 3
981 2496 1113 2521 enatam
1149 2491 1301 2532 inpluuio
1332 2490 1429 2523 Gron.
1461 2492 1465 2530 Ι
1496 2476 1689 2520 nuntiatbat

277 2560 296 2587 4
321 2555 388 2586 luci
424 2555 504 2585 atrei
570 2557 587 2583 5
623 2557 759 2583 aemerat
785 2550 790 2591 l
819 2559 895 2580 oras
952 2547 983 2586 7,
1010 2551 1029 2578 3
1056 2548 1207 2579 hostibus
1231 2546 1236 2589 Ι
1259 2548 1485 2579 sacrificarent
1510 2552 1542 2578 et
1576 2551 1612 2577 ut
1640 2546 1689 2576 di·

276 2614 398 2644 derunt
427 2612 473 2641 uti
501 2610 678 2651 suplicatio
709 2608 807 2640 Gron.
836 2605 955 2648 (Gryn.
984 2606 1221 2638 sacrificarent.
1259 2610 1290 2635 et
1312 2605 1512 2636 addiderunt
1538 2605 1584 2634 uti
1611 2614 1689 2644 sup-

276 2669 434 2711 plicatio)
