1753 2934
514 154 614 186 Libet·
638 153 746 185 XLV.
813 155 875 188 «A.
904 151 982 183 Chr.
1017 155 1107 186 167.)
1377 153 1452 187 267

104 286 241 315 ventus
281 285 445 316 secutus.
517 276 703 314 Civitates
742 287 873 311 omnes
914 275 1151 312 Macedoniae
1188 287 1228 310 se
1267 273 1513 310 dediderunt:

105 360 202 398 gaza.
241 348 348 396 regia
383 347 421 383 in
465 354 692 395 potestatem
725 345 846 388 venit3
883 358 950 381 rex
982 345 1085 393 ipset
1129 343 1365 380 tradentibus
1394 354 1514 391 prope

105 418 197 467 ipsis
241 418 320 462 dis,
364 417 402 452 in
447 415 589 463 templo
629 415 920 452 Samothracum
967 426 1050 450 cum
1096 413 1225 450 liberis
1270 420 1326 448 est
1367 419 1514 460 captus,

107 487 202 524 Mihi
244 497 396 534 quoque
437 485 508 533 ipsi
546 484 664 520 nimia
699 484 775 520 iam
826 483 981 520 fortuna
1020 483 1140 519 videri
1179 495 1301 530 eoque
1339 488 1516 530 suspecta

107 568 201 592 esse.
266 555 388 591 Maris
424 554 593 603 pericula
631 554 764 590 timere
801 554 899 602 coepi
936 554 974 590 in
1015 560 1122 589 tanta
1153 552 1314 601 pecunia
1343 551 1449 600 regia
1478 551 1516 587 in

107 625 260 662 Italiam
283 624 491 661 traicienda
523 631 559 660 et
589 624 732 660 victore
754 623 921 660 exercitu
944 623 1254 672 transportando.
1303 623 1515 670 Postquam

109 695 238 732 omnia
274 694 440 731 secundo
480 693 634 729 navium
675 706 786 729 eursu
824 693 862 729 in
895 693 1045 729 Italiam
1078 698 1355 741 perveneruntff
1395 703 1518 739 neque

109 772 210 808 erat,
251 764 353 812 quod
384 763 485 799 ultra
515 775 709 811 precarer,
749 762 842 799 illud
875 763 1029 810 optavi,
1070 770 1129 798 ut.
1169 775 1253 798 cum
1289 774 1336 798 ex
1369 773 1518 797 summo

76 842 210 872 *retro
250 834 353 870 volvi
383 832 537 869 fortuna
568 839 809 876 consuesset,
850 833 1097 869 mutationem
1139 833 1218 869 eius
1261 832 1396 867 domus
1436 843 1518 867 rnea

109 905 237 954 potius
269 916 383 952 quam
415 915 475 940 res
506 902 660 951 publica
691 901 859 938 sentiret.
910 903 1048 948 ltaque
1081 900 1299 937 defunctam
1331 912 1413 937 esse
1443 900 1520 936 for-

110 981 239 1012 tunam
262 973 453 1022 publicam
488 985 571 1009 mea
603 979 679 1008 tam
702 971 839 1019 insigni
861 971 1080 1007 calamitate
1101 983 1227 1019 spero,
1259 971 1362 1018 quod
1389 971 1520 1006 trium-

110 1045 208 1093 phus
239 1056 371 1087 meus,
413 1042 516 1078 velut
546 1043 594 1078 ad
624 1041 827 1078 ludibrium
861 1053 1015 1077 casuum
1057 1041 1330 1083 humanorum„
1372 1039 1520 1075 duobus

110 1113 307 1151 funeribus
337 1114 542 1150 liberorum
575 1123 745 1147 meorum
778 1118 833 1147 est
865 1110 1124 1158 interpositus.
1186 1110 1237 1146 Et.
1266 1122 1350 1146 cum
1383 1121 1454 1156 ego
1487 1115 1521 1143 et

111 1183 276 1219 Perseus
306 1193 405 1218 nune
432 1181 576 1217 nobilia
607 1181 772 1217 maxime
814 1181 927 1216 sortis
961 1180 1176 1216 mortalium
1210 1179 1385 1228 exempla
1416 1191 1522 1227 spec·

111 1259 246 1296 temur,
276 1252 350 1295 ille,
381 1251 446 1299 qui
477 1258 563 1287 ante
593 1263 646 1294 se,
677 1250 851 1299 captivos
881 1251 974 1299 ipse.
1005 1250 1090 1286 duci
1111 1250 1253 1286 liberos
1282 1249 1389 1293 vidit,
1420 1249 1523 1284 ineo-

111 1322 232 1358 lumes
273 1327 400 1357 tamen
440 1332 505 1356 eos
547 1321 682 1363 haben
734 1332 828 1368 ego,
876 1320 940 1368 qui
981 1320 1027 1356 de
1064 1320 1128 1356 illo
1169 1319 1421 1368 triumphavi.
1474 1320 1522 1355 ab

113 1391 268 1428 alterius
300 1390 433 1427 funere
462 1390 527 1426 filii
557 1402 668 1425 curru
699 1390 737 1425 in
771 1389 987 1438 Capitolium
1019 1397 1138 1426 vectus
1170 1403 1259 1435 snm,
1289 1390 1341 1426 acl
1371 1390 1523 1425 alterum

113 1474 160 1498 ex
200 1459 392 1509 Capitolio
433 1472 553 1508 prope
603 1460 680 1495 iam
725 1459 962 1508 expirantem
1007 1460 1109 1503 veni;
1160 1472 1283 1507 neque
1331 1471 1379 1495 ex
1418 1466 1524 1495 tanta

113 1530 231 1579 stirpe
273 1529 433 1565 liberum
471 1538 662 1578 superest.
714 1530 779 1577 qui
821 1531 866 1566 L.
901 1530 1035 1566 AEmili
1067 1529 1180 1566 Pauli
1227 1542 1365 1565 nomen
1414 1528 1524 1565 ferat.

114 1600 225 1636 Duos
255 1599 367 1642 enirn,
399 1606 595 1647 tamquam
629 1613 676 1637 ex
706 1612 847 1648 magna
876 1600 1058 1648 progenie
1088 1600 1308 1640 liberorum,
1338 1598 1375 1634 in
1405 1598 1525 1646 adop-

114 1670 254 1707 tionem
277 1669 389 1704 datos
420 1667 599 1705 Cornelia
636 1677 670 1705 et
701 1669 826 1706 Fabia
855 1682 948 1717 gens
977 1670 1137 1713 habent3
1169 1669 1314 1705 Paulus
1344 1669 1382 1704 in
1412 1668 1526 1703 domo

111 1747 249 1790 praeter
289 1752 349 1775 me
395 1751 508 1775 nemo
547 1745 733 1788 superest,
815 1739 892 1777 Sed
930 1741 1028 1775 hanc
1070 1739 1216 1776 cladem
1255 1739 1391 1775 domus
1432 1750 1524 1774 meae

110 1817 239 1847 vestra
267 1809 430 1846 felicitas
459 1815 495 1845 et
535 1810 702 1846 secunda
740 1810 895 1846 fortuna
925 1810 1078 1858 publiea
1109 1809 1366 1846 consolatur.‘'·
1429 1808 1522 1844 Haec

111 1886 218 1915 tanto
246 1878 348 1914 dicta
378 1878 506 1914 animo
545 1880 667 1927 magis
704 1879 912 1917 confudere
942 1880 1175 1916 audientium
1210 1879 1377 1922 animos,
1409 1891 1524 1927 qnam

111 1949 143 1986 si
173 1947 441 1985 miserabiliter
471 1948 674 1985 orbitatem
709 1962 817 1986 suam
851 1951 1024 1987 deflendo
1054 1951 1204 1987 locutus
1234 1956 1345 1986 esset.

225 2017 294 2058 Cn.
326 2016 512 2054 Octavius
542 2018 729 2056 Kalendis
761 2021 1041 2057 Decembribus
1077 2021 1122 2057 (le
1161 2033 1252 2069 rege
1282 2020 1426 2056 Perseo
1456 2031 1524 2054 na-

113 2089 236 2125 valem
267 2087 499 2136 triumphum
531 2089 620 2136 egit.
680 2090 719 2125 Is
749 2090 963 2138 triumphus
1003 2091 1084 2127 sine
1114 2090 1274 2138 captivis
1313 2089 1406 2127 fuit,
1444 2088 1524 2124 sine

112 2258 144 2296 6,
174 2262 193 2289 3
219 2259 252 2288 in
277 2263 444 2298 potestate
497 2261 517 2287 4
543 2266 771 2289 samotracum
823 2257 852 2296 ἶ,
873 2262 884 2289 1
914 2258 1082 2289 fortunam
1106 2257 1210 2288 uideri
1231 2255 1381 2287 Hertz-ius
1407 2256 1522 2296 tGryv.

112 2315 249 2348 fortuna
275 2325 349 2346 mea
374 2314 454 2353 vid.)
503 2314 536 2353 8,
553 2318 572 2345 3
601 2322 695 2346 crant
718 2317 721 2353 1
744 2316 1026 2356 praecarperiludo
1053 2315 1182 2354 optauit
1207 2324 1282 2345 cum
1331 2313 1363 2350 9,
1380 2316 1397 2343 2
1414 2312 1524 2353 publi-

113 2383 188 2405 cam
215 2382 255 2403 ea
280 2378 348 2403 tam
374 2371 516 2411 insignis
588 2371 642 2407 10,
673 2376 683 2403 l
716 2383 790 2403 cum
818 2383 857 2403 eo
886 2378 918 2403 et
978 2376 996 2403 2
1023 2372 1187 2402 nobiliam
1256 2371 1262 2409 Ι
1311 2376 1526 2410 expet-temtu-

113 2435 132 2462 3
163 2432 260 2472 (ἰν-φτ.
289 2439 325 2460 se
350 2431 519 2469 captivos,
546 2429 698 2469 captivus
724 2431 813 2470 ipsc,
849 2441 909 2461 non
935 2429 1160 2461 animadversa
1195 2428 1381 2460 nominativi
1399 2428 1523 2468 forma.

114 2487 169 2525 ll,
200 2491 211 2518 1
242 2496 282 2518 eo
309 2486 365 2526 qui
420 2490 439 2516 2
465 2486 510 2516 fili
534 2486 539 2525 Ι
562 2495 693 2518 currum
721 2497 764 2517 ex
791 2488 950 2528 capitolio
978 2486 1132 2528 Suppleci
1145 2487 1220 2527 jere
1246 2492 1279 2517 ut
1303 2485 1344 2516 F.
1380 2484 1523 2516 Ursinus.

116 2546 213 2587 Gryn.
241 2543 422 2575 asteriscum
447 2543 604 2584 apposuit.
643 2547 662 2574 3
691 2545 886 2585 expirantes
925 2549 944 2575 4
962 2545 1086 2576 aemilio
1111 2543 1203 2586 pauli
1230 2553 1274 2574 no
1298 2542 1383 2573 feret
1431 2541 1486 2578 12,
1507 2545 1524 2571 2

116 2603 213 2645 [ἰν-μη.
233 2601 332 2634 Pauli
381 2603 401 2631 3
426 2607 547 2641 praeter
571 2601 628 2632 sed
655 2611 755 2633 nemo
770 2601 1081 2644 D0122·atins(Gryn.
1101 2608 1221 2644 pra‘ter
1246 2611 1281 2632 se
1306 2598 1526 2639 nemolimea

114 2664 134 2690 4
159 2659 357 2692 consulatur
403 2657 516 2696 XLII,
536 2658 566 2697 1,
585 2662 603 2690 2
629 2664 723 2690 tanta
772 2664 790 2691 3
810 2660 903 2691 locus
929 2670 1002 2692 esse
1051 2659 1084 2697 2,
1105 2664 1123 2691 2
1151 2661 1238 2699 egist
1263 2659 1291 2689 is
1317 2657 1526 2697 triumphum

1559 1110 1602 1144 10

1560 1317 1600 1350 ll

1564 1594 1606 1630 ¹2

1578 1800 1632 1845 42
