1753 2934
261 132 310 167 62
825 128 998 161 Periochae

202 267 320 297 natus,
347 260 457 291 adhuc
484 269 584 301 eques
611 259 801 293 Romanus,
829 262 916 301 quod
945 262 1029 292 nulli
1056 261 1256 302 contigerat,
1287 272 1329 293 ex
1354 262 1473 295 Africa
1499 266 1616 297 trium-

203 322 329 363 phavit.
382 320 419 352 C.
436 320 616 352 Norbanus
643 321 828 353 consularis
854 323 1060 363 proscriptus
1086 324 1121 353 in
1148 324 1228 354 urbe
1246 323 1368 354 Rhodo
1395 333 1496 364 quum
1523 336 1615 358 com-

202 383 476 424 prehenderetur,
515 383 584 423 ipse
623 392 658 413 se
693 383 826 414 occidit.
877 383 1038 417 Mutilus,
1077 394 1163 416 unus
1198 394 1240 415 ex
1272 386 1488 427 proscriptis,
1526 387 1614 419 clam

203 446 311 486 capite
337 445 499 485 adoperto
524 444 566 474 ad
593 444 740 485 posticas
764 445 851 475 aedes
879 444 1003 475 Bastiae
1030 447 1144 477 uxoris
1171 456 1272 487 quum
1299 448 1518 485 accessisset,
1556 449 1616 479 ad—

203 507 325 538 missus
352 516 419 537 non
445 512 504 542 est,
543 505 621 546 quia
650 505 744 536 illum
770 506 992 546 proscriptum
1021 507 1166 544 diceret;
1200 507 1313 548 itaque
1344 509 1417 548 ipse
1449 518 1483 540 se
1508 514 1617 541 trans-

204 567 290 599 fodit
316 573 349 598 et
374 567 538 606 sanguine
565 576 626 597 suo
653 566 740 597 sores
766 568 880 598 uxoris
906 569 1075 608 respersit.
1138 568 1234 601 Sulla
1257 571 1389 608 †mtam
1415 570 1450 600 in
1476 570 1615 602 Samnio

203 629 346 669 recepit3
382 627 518 659 XLVII
548 628 700 668 legiones
726 628 757 658 in
785 638 884 668 agros
912 635 1028 669 captos
1057 630 1215 667 deduxit,
1250 636 1281 661 et
1314 640 1372 661 cos
1406 631 1457 662 his
1491 632 1614 663 divisit.

203 690 413 723 Volaterras.
441 690 530 730 quod
557 691 719 731 oppidum
746 690 856 720 adhuc
885 691 917 720 iu
939 691 1039 721 armis
1055 697 1137 722 erat.
1164 692 1339 723 obsessum
1358 693 1392 723 in
1410 693 1614 725 deditionem

203 752 342 792 accepit.
393 750 564 791 Mitylenae
592 761 726 791 quoque
752 751 785 781 in
810 751 906 785 Asia.
935 761 1007 792 quae
1033 754 1105 784 sola
1132 753 1212 785 urbs
1237 759 1312 795 post
1338 753 1462 784 vietum
1480 754 1615 785 Mithri-

203 813 314 844 datem
341 823 436 844 arma
462 813 638 848 retinebat,
665 818 865 854 expugnatae
893 813 1078 854 dirutaeque
1107 821 1194 846 sunt.

766 918 830 949 EX
856 919 946 952 LIB.
973 920 1047 952 XC.

295 996 392 1028 Sulla
423 996 585 1030 decessit,
623 995 800 1037 honosque
837 997 864 1026 ei
899 1006 917 1026 a
943 1003 1061 1027 senatu
1094 998 1228 1030 habitus
1262 1005 1328 1036 est,
1367 1004 1404 1029 ut
1435 999 1469 1030 in
1496 1008 1617 1040 campo

200 1059 326 1089 Martio
354 1057 558 1098 sepeliretur.
611 1057 833 1099 M.3Lepidus
861 1067 963 1098 quum
991 1064 1067 1089 acta
1097 1059 1199 1090 Sullae
1232 1066 1377 1092 tentaret
1412 1061 1614 1098 rescindere,

201 1120 328 1151 bellum
363 1119 545 1158 excitavit3
584 1130 602 1150 a
641 1118 680 1156 Q.
724 1119 844 1150 Catulo
880 1119 1010 1159 collega
1045 1119 1143 1153 Italia
1177 1121 1293 1162 pulsus
1327 1127 1359 1152 et
1391 1122 1424 1152 in
1458 1122 1616 1154 Sardinia

202 1173 326 1213 frustra
362 1181 488 1211 bellum
528 1181 663 1212 molitus
703 1181 810 1221 periit.
875 1182 921 1212 M.
957 1181 1100 1218 Brutus,
1141 1183 1195 1223 qui
1231 1182 1436 1223 Cisalpinam
1466 1182 1615 1214 Galliam

202 1244 394 1279 othnebnt‚
434 1253 454 1272 a
491 1241 552 1273 Cn.
580 1242 742 1283 Pompeio
778 1244 912 1273 occisus
946 1252 1008 1275 est.
1071 1242 1112 1281 Q.
1142 1244 1310 1276 Sertorius
1342 1245 1549 1285 proscriptus
1582 1246 1614 1275 in

201 1305 359 1336 ulteriore
394 1304 559 1344 Hispania
600 1305 718 1343 ingens
760 1304 885 1335 bellum
928 1305 1097 1335 excitavit.
1162 1306 1200 1336 L.
1228 1306 1376 1337 Manlius
1417 1316 1548 1347 procos.
1585 1312 1617 1338 et

201 1367 240 1399 L.
264 1367 438 1398 Domitius
463 1366 594 1405 legatus
620 1366 662 1396 ab
680 1365 847 1396 Hirtuleio
875 1372 1041 1406 quaestore
1067 1367 1186 1406 proelio
1209 1368 1284 1398 victi
1311 1377 1398 1400 sunt.
1449 1368 1617 1399 Praeterca

202 1439 256 1461 res
283 1440 303 1460 a
328 1429 366 1461 P.
396 1428 540 1462 Servilio
565 1437 695 1467 procos.
724 1428 883 1458 adversus
910 1426 1036 1459 Cilicas
1061 1435 1174 1468 gestas
1200 1430 1359 1460 eontinet.

758 1535 820 1566 EX
849 1534 936 1566 LIB.
966 1533 1058 1566 XCI.

296 1611 358 1643 Cn.
386 1612 568 1652 Pompeius
604 1621 705 1651 quum
741 1611 852 1641 adhuc
886 1622 986 1652 eques
1012 1611 1186 1642 Romanus
1223 1617 1328 1649 essct,
1375 1623 1450 1644 cum
1477 1613 1616 1655 imperio

200 1674 434 1716 proconsulari
461 1673 621 1702 adversus
647 1671 833 1703 Sertorium
861 1673 983 1704 missus
1010 1679 1070 1703 est.
1139 1671 1307 1703 Sertorius
1346 1673 1474 1713 aliquot
1514 1675 1614 1705 urbes

201 1737 412 1778 expugnavit
450 1735 680 1776 plurimasque
720 1734 871 1764 civitates
910 1734 944 1764 in
974 1740 1176 1774 potestatem
1207 1744 1300 1765 suam
1331 1735 1470 1775 redegit.
1524 1737 1612 1777 App.

203 1798 366 1829 Claudius
391 1806 523 1838 procos.
555 1795 705 1826 Thracas
740 1795 892 1836 pluribus
918 1796 1044 1836 proeliis
1078 1795 1166 1826 vicit.
1191 1813 1193 1817 <
1224 1795 1264 1834 Q.
1288 1796 1453 1830 ,Metellus
1478 1807 1612 1838 procos.

200 1862 238 1892 L.
267 1859 483 1896 Hirtuleium,
511 1863 711 1898 quaestorem
739 1856 889 1891 Sertorii,
920 1867 995 1887 cum
1023 1857 1172 1887 cxci-citu
1199 1858 1330 1889 cecidit.

750 1963 815 1994 EX
839 1963 927 1994 LIB.
956 1963 1066 1994 XCII.

295 2043 356 2074 Cn.
384 2042 569 2084 Pompeius
594 2042 698 2073 dubio
725 2046 847 2072 eventu
874 2050 949 2071 cuin
971 2040 1122 2072 Sertorio
1147 2039 1320 2080 pugnavit,
1347 2039 1393 2070 ita
1418 2044 1454 2070 ut
1479 2039 1614 2079 singula

199 2116 241 2137 ex
267 2111 410 2146 utraque
435 2111 530 2146 parte
558 2113 685 2135 cornua
709 2103 861 2134 vicerint.
917 2101 955 2139 Q.
977 2101 1135 2132 Metellus
1150 2101 1334 2133 Sertorium
1361 2106 1394 2131 et
1407 2100 1612 2141 Perpernam

199 2178 272 2199 cum
308 2168 439 2199 duobus
477 2165 681 2197 exercitibus
712 2165 832 2206 proelio
866 2163 969 2201 fudit,
1008 2164 1103 2194 cuius
1136 2164 1284 2194 vietoriae
1315 2168 1444 2205 partem
1475 2162 1612 2203 cupiens

198 2229 285 2260 ferre
317 2228 502 2270 Pompeius
538 2238 655 2269 parum
690 2235 848 2267 prospere
881 2225 1055 2267 pugnavit.
1120 2225 1284 2257 Obsessus
1323 2225 1443 2256 deinde
1480 2222 1611 2255 Cluniae

200 2291 368 2323 Sertorius
399 2291 543 2321 assiduis
570 2289 802 2330 eruptionibus
835 2297 902 2318 non
928 2288 1055 2318 leviora
1081 2288 1205 2318 damna
1226 2287 1460 2318 obsidentibus
1485 2285 1610 2317 intulit.

197 2353 367 2384 Praeterca
390 2363 439 2383 res
466 2352 507 2382 ab
535 2350 681 2383 Curione
706 2360 839 2391 procos.
868 2350 901 2380 in
931 2350 1076 2381 Thracia
1101 2355 1213 2389 gestas
1243 2351 1402 2380 adversus
1433 2348 1610 2380 Dardanos

198 2422 229 2446 et
257 2413 298 2453 Q.
327 2414 465 2446 Sertorii
494 2413 599 2444 multa
624 2413 773 2443 crudelia
807 2413 841 2442 in
867 2422 945 2443 suos
971 2409 1061 2442 sacta
1095 2412 1260 2449 continet,
1299 2412 1354 2451 qui
1379 2411 1544 2452 plurimos
1569 2419 1610 2441 ex

199 2476 316 2506 amicis
342 2481 373 2506 et
399 2485 513 2506 secum
539 2475 733 2515 proscriptis
760 2474 898 2505 crimine
925 2474 1125 2514 proditionis
1150 2473 1364 2504 insimulatos
1391 2473 1526 2504 occidit.

734 2581 797 2612 EX
825 2580 912 2612 LIB.
940 2579 1070 2612 XCIII.

291 2659 329 2691 P.
359 2659 520 2692 Servilius
553 2668 685 2699 procos.
722 2659 754 2688 in
792 2657 912 2690 Cilicia
944 2657 1079 2688 Isauros
1114 2656 1243 2687 domuit
1277 2662 1309 2687 et
1343 2656 1473 2696 aliquot
1508 2655 1608 2686 urbes
