1753 2934
457 137 555 167 Liber
576 136 688 166 XLV.
741 136 800 176 (A.
831 136 906 167 Chr.
940 137 1027 176 108.)
1314 138 1389 173 219

46 269 221 311 gatorum
254 261 361 297 auxit
391 260 516 309 potius
546 261 718 297 timorem
752 261 893 297 civitati
936 273 1047 308 quam
1090 259 1234 295 minuit.
1307 258 1449 295 Omnia

47 332 143 368 enim
178 331 360 379 Popilius,
392 343 475 377 quae
505 330 641 377 singuli
675 331 914 378 universique
945 343 989 366 eo
1021 330 1118 366 bello
1149 329 1335 365 hostiliter
1364 328 1447 364 dix—

47 411 154 438 erant
186 402 449 447 fecerantque,
480 400 640 444 rettulit,
682 407 715 436 ct
748 401 805 436 vir
835 414 947 448 asper
978 401 1127 448 ingenio
1150 400 1315 447 augebat
1345 406 1447 434 atro-

46 473 195 508 citatem
229 483 371 513 eorum,
404 482 487 517 quae
518 470 742 514 dicerentur,
773 470 877 506 voltu
911 471 1003 507 truci
1026 477 1062 506 et
1083 470 1320 505 accusatoria
1341 481 1447 513 voce,

46 550 97 586 ut,
128 554 210 578 cum
244 539 406 589 propi-ize
436 540 638 575 simultatis
670 540 772 576 nulla
807 553 924 576 causa
954 553 1035 575 cum
1069 539 1221 575 civitate
1251 546 1367 582 esset,
1399 551 1446 574 ex

46 611 154 646 unius
185 610 372 646 senatoris
405 610 566 647 Romani
599 611 828 653 acerbitate,
885 610 1007 658 qualis
1050 610 1087 645 in
1125 622 1164 644 se
1194 609 1359 644 universi
1389 620 1446 644 se-

44 689 155 716 natus
183 680 331 715 animus
362 689 471 725 esset,
506 681 772 718 coniectarent.
824 681 867 718 C.
890 680 1036 718 Det-imi
1068 679 1303 715 moderatior
1333 679 1448 713 oratio

44 750 134 794 fuit,
181 750 243 798 qui
288 750 323 785 in
366 751 554 798 plerisque
595 764 748 795 eorum,
798 764 881 799 quae
913 760 1212 787 commemorata
1243 762 1265 784 a
1297 748 1447 796 Popilio

43 827 189 863 essent,
229 820 378 867 culpam
410 833 484 856 non
517 834 632 869 penes
662 821 864 869 populum,
913 822 978 857 sed
1010 833 1124 869 penes
1148 832 1290 868 paucos
1323 818 1448 854 conci-

45 897 146 926 tores
177 889 281 937 volgi
313 902 393 925 esse
425 891 531 928 dixit.
591 892 693 935 Eos,
734 891 906 926 venalem
939 892 1105 940 linguam
1138 891 1340 932 habentes,
1383 888 1448 924 de—

43 968 146 996 creta
176 960 288 1008 plena
318 960 430 1007 regiae
462 961 734 996 adsentationis
775 960 909 997 fecisse
949 967 984 997 et
1024 973 1088 996 eas
1132 959 1341 1007 legationes
1380 957 1448 993 mi-

42 1030 158 1074 sisse,
195 1043 353 1078 quarum
387 1031 557 1066 Rhodios
588 1043 738 1079 semper
770 1044 844 1067 non
876 1031 997 1067 minus
1030 1031 1187 1079 puderet
1220 1041 1333 1076 quam
1371 1040 1447 1076 pae-

42 1100 189 1137 niteret.
265 1100 358 1147 Quae
389 1101 536 1145 omnia,
580 1102 611 1137 si
651 1114 746 1137 sana
779 1114 882 1137 mens
913 1101 1056 1150 populo
1087 1101 1208 1138 foret,
1254 1099 1290 1134 in
1322 1098 1450 1146 capita

42 1171 244 1207 noxiorum
286 1183 455 1207 versura.
533 1170 627 1208 Cum
671 1184 809 1219 magno
853 1172 1016 1207 adsensu
1058 1171 1209 1206 auditus
1248 1176 1323 1211 est„
1372 1180 1448 1203 non

42 1241 163 1289 magis
194 1253 260 1285 eo,
292 1242 393 1288 quod
425 1241 700 1277 multitudinem
733 1255 836 1277 noxa
866 1242 1041 1285 levabat,
1088 1253 1201 1288 quam
1235 1239 1336 1287 quod
1369 1239 1448 1274 cul-

40 1324 127 1360 pam
160 1311 195 1347 in
227 1319 401 1347 auctores
431 1319 610 1347 verterat.
694 1313 831 1359 Itaque
871 1324 953 1348 cum
991 1311 1179 1359 principes
1210 1322 1339 1345 eorum
1371 1310 1449 1346 Ro-

42 1381 163 1416 manis
197 1382 489 1430 responderent,
520 1395 762 1430 nequaquam
796 1391 871 1418 tam
903 1390 1014 1429 grata
1046 1381 1168 1416 oratio
1204 1393 1334 1415 eorum
1365 1378 1447 1425 fuit,

41 1450 126 1497 qui,
172 1463 255 1498 quae
298 1452 468 1500 Popilius
506 1453 717 1498 obiecerat,
762 1453 903 1488 diluere
939 1459 1143 1499 utcumque
1183 1450 1309 1486 conati
1349 1458 1448 1494 sunt,

42 1533 155 1568 quam
189 1534 341 1565 eorum,
389 1523 451 1570 qui
486 1523 657 1559 Decimio
702 1523 739 1558 in
786 1522 1003 1558 auctoribus
1035 1522 1082 1557 ad
1115 1521 1303 1569 piaculum
1337 1533 1449 1557 noxae

43 1591 264 1627 obiiciendis
295 1593 444 1629 adsensi
475 1601 572 1630 sunt.
657 1594 862 1630 Decretum
895 1592 1009 1640 igitur
1039 1591 1253 1638 extemplo,
1297 1599 1353 1636 ut,
1385 1591 1450 1638 qui

42 1673 111 1708 pro
145 1662 286 1698 Perseo
315 1663 497 1699 adversus
528 1665 725 1700 Romanos
764 1663 905 1698 dixisse
945 1662 1034 1710 quid
1078 1669 1145 1697 aut»
1184 1661 1319 1697 fecisse
1359 1674 1449 1697 con-

41 1731 301 1777 vincerentur,
346 1733 481 1781 cupitis
521 1734 874 1770 condemnarentur.
952 1733 1211 1792 Excesserunt
1249 1733 1341 1768 urbe
1378 1733 1448 1769 sub

41 1802 245 1839 adventum
277 1804 537 1840 Romanorum
570 1805 722 1852 quidam
741 1832 750 1849 a
784 1803 846 1839 alii
878 1811 1037 1839 mortem
1069 1803 1141 1838 sibi
1171 1803 1448 1838 consciverunt.

42 1872 192 1921 Legati,
223 1886 298 1909 non
332 1874 430 1910 ultra
461 1888 573 1923 quam
607 1875 774 1922 quinque
804 1874 884 1909 dies
922 1873 1047 1909 Rhodi
1083 1873 1240 1916 morati,
1273 1872 1447 1909 Alexan-

41 1942 171 1979 dream
204 1945 506 1992 proficiscuntur.
573 1946 656 1982 Nee
687 1958 731 1981 eo
763 1944 916 1993 segnius
950 1944 1090 1980 iudicia
1122 1956 1169 1980 ex
1200 1943 1351 1979 decreto
1383 1955 1445 1979 co-

41 2136 72 2173 7,
101 2141 118 2168 2
146 2138 306 2168 minuitur
370 2138 401 2171 9,
434 2142 445 2168 l
487 2138 629 2179 propi-ize
665 2137 829 2168 simulatis
864 2137 990 2167 nullam
1026 2147 1161 2167 causam
1191 2146 1264 2166 cum
1292 2137 1446 2167 ciuitates

41 2201 129 2226 essct
166 2199 184 2226 2
201 2196 384 2226 aternitate
401 2194 403 2234 Ι
420 2196 525 2227 senati
553 2200 571 2226 3
588 2197 856 2226 coniectarentur
905 2195 959 2230 10,
991 2198 1003 2226 1
1027 2204 1100 2225 cum
1120 2195 1238 2224 decimi
1260 2195 1446 2225 moderatio

41 2251 171 2293 fuitque
196 2255 230 2284 in
302 2258 321 2285 3
349 2263 461 2294 paenes
488 2254 610 2294 (priore
638 2253 722 2291 loco)
744 2254 748 2292 Ι
771 2254 979 2284 conscitorcs
1040 2257 1059 2282 4
1086 2260 1174 2284 csset
1200 2253 1283 2282 dixit
1345 2252 1399 2290 11,
1430 2256 1442 2283 l

41 2322 199 2353 habentis
261 2327 279 2352 ‘2
308 2322 441 2354 fecisset
466 2333 520 2354 eas
581 2327 599 2354 3
640 2323 893 2362 rhodioscmpor
915 2323 918 2361 Ι
942 2323 1156 2363 paeniterctur
1222 2326 1241 2351 4
1274 2322 1386 2352 omnia
1420 2322 1446 2353 si

42 2385 154 2410 tamen
185 2381 309 2421 populo
336 2381 439 2412 Per-[z.
478 2381 516 2421 (si
553 2390 591 2411 ca
624 2382 731 2419 mens)
767 2387 794 2411 (et
830 2380 938 2412 Weiss.
997 2380 1051 2417 12,
1079 2385 1095 2410 2
1124 2380 1285 2410 leuabant
1311 2378 1442 2421 Kreyss.

43 2436 164 2480 (Gi-yn.
192 2439 413 2470 multitudinis
438 2449 561 2470 noxam
590 2438 758 2479 elevabat)
810 2442 828 2469 3
856 2442 1025 2468 uerterant
1074 2437 1127 2474 13,
1154 2442 1171 2468 2
1199 2439 1443 2478 responderet!

42 2505 251 2537 nequaquam
273 2503 383 2527 tamen
409 2504 475 2527 tam
503 2496 686 2538 Doert'nyz‘us
715 2494 717 2518 ἶ
747 2503 839 2527 orata
867 2497 974 2526 oratio
1001 2505 1113 2526 eorum
1135 2496 1257 2535 quique
1285 2495 1345 2526 fuit
1373 2496 1446 2535 qui-

42 2564 105 2595 que
131 2555 275 2595 popilius
324 2559 343 2585 3
370 2555 543 2586 deluderet
569 2560 750 2595 utcumque
813 2559 832 2584 4
859 2554 988 2584 decimo
1039 2552 1091 2589 14,
1121 2558 1137 2583 2
1167 2553 1292 2584 dixisse
1321 2554 1409 2594 quod
1438 2551 1441 2591 Ι

41 2613 321 2643 conuincet·cntur
346 2612 452 2644 facilis
485 2613 602 2653 capitis
666 2617 685 2643 4
719 2614 865 2643 aduentu
892 2611 987 2642 Frob.
1015 2610 1061 2641 Il.
1093 2610 1178 2642 Num
1208 2614 1446 2642 excesserant?

42 2669 95 2711 15,
126 2672 139 2700 l
168 2670 240 2701 rodi

1479 542 1499 574 9

1485 682 1528 715 10

1487 894 1523 926 11

1485 1168 1528 1203 12

1485 1309 1530 1345 13

1485 1593 1527 1626 14

1484 1875 1529 1908 15
