1753 2934
486 131 588 160 Liber
614 131 721 161 XLV.
803 131 862 167 (A.
893 129 970 161 Chr.
1004 131 1096 169 167.)
1364 131 1435 166 271

87 265 156 289 rex
201 252 338 288 Prusia
375 252 478 287 venit
518 252 680 287 Romam
729 264 812 288 curn
849 251 925 287 filio
964 252 1186 291 Nicomede.
1262 252 1320 294 Is,
1360 262 1499 299 magno

86 323 268 358 comitatu
318 322 451 358 urbem
500 321 717 369 ingressus,
767 321 815 356 ad
861 321 986 356 forum
1034 334 1057 357 a
1101 327 1214 369 porta
1257 319 1500 367 tribunalque

90 391 135 439 Q.
167 391 277 428 Cassi
314 390 487 439 praetoris
525 391 711 437 perrexit,
752 402 1014 437 concursuque
1045 390 1210 436 undique
1241 389 1364 433 facto,
1395 389 1500 434 deos,

88 461 152 509 qui
175 461 304 497 urbem
329 462 492 496 Romam
512 460 731 504 incolerent,
752 467 1003 507 senatumque
1025 467 1061 495 et
1083 459 1263 508 populum
1283 460 1500 495 Romanum

89 530 295 567 salutatum
327 542 367 566 se
397 529 494 565 dixit
523 529 686 573 venisse,
717 536 754 564 et
783 529 1029 577 gratulatum,
1062 529 1164 576 quod
1195 528 1338 563 Persea
1365 526 1500 564 Genti-

90 611 230 647 umque
259 611 368 647 reges
402 599 593 642 vicissent,
624 598 978 646 Macedonibusque
1009 606 1044 634 et
1075 597 1215 646 Illyriis
1247 598 1283 633 in
1313 597 1499 633 dicionem

89 669 272 712 redactis,
316 667 512 704 auxissent
548 667 762 715 imperium.
832 668 927 705 Cum
974 676 1115 716 praetor
1156 675 1328 703 senatum
1371 667 1426 712 ei,
1470 666 1501 702 si

89 739 192 783 velit,
223 750 268 774 eo
299 737 358 773 die
380 738 557 774 daturum
581 738 750 783 dixisset,
781 739 936 774 biduum
970 738 1089 786 petiit,
1121 750 1195 785 quo
1217 736 1359 784 templa
1388 737 1500 772 deum

89 809 298 855 urbemque
329 816 364 843 et
396 808 565 856 hospites
597 808 817 855 amicosque
851 807 1003 846 viseret.
1067 808 1206 850 Datus,
1247 807 1312 854 qui
1341 807 1501 843 circum-

89 878 244 915 duceret
284 890 390 922 eum,
435 877 480 915 L.
512 876 712 914 Cornelius
747 877 876 925 Scipio
916 886 1102 925 quaestor,
1150 877 1214 924 qui
1252 885 1289 911 et
1326 874 1500 924 Capuam

88 947 123 983 ei
154 947 306 983 obviam
340 947 476 983 missus
506 948 644 991 fuerat,
675 954 709 983 et
741 947 860 993 aedes7
892 959 975 995 quae
1005 947 1127 994 ipsum
1159 946 1393 993 comitesque
1423 945 1502 981 eius

90 1017 253 1065 benigne
282 1017 505 1065 reciperent,
535 1018 744 1054 conductae.
808 1017 942 1053 Tertio
977 1024 1063 1065 post
1095 1016 1155 1052 die
1185 1024 1359 1051 senatum
1389 1015 1501 1059 adiit3

89 1087 303 1135 gratulatus
325 1087 523 1123 victoriam
548 1094 623 1131 est3
655 1087 789 1123 merita
814 1098 883 1122 sua
914 1087 951 1121 in
982 1099 1026 1122 eo
1049 1085 1146 1121 bello
1169 1085 1503 1130 commemoravit3

89 1156 209 1204 petiit,
242 1166 281 1192 ut
303 1164 431 1192 votum
457 1157 528 1192 sibi
559 1157 721 1197 solvere,
751 1158 884 1193 Romae
905 1157 942 1192 in
965 1155 1156 1204 Capitolio
1187 1155 1316 1190 decem
1340 1155 1503 1190 maiores

89 1226 234 1262 hostias
266 1234 303 1262 et
333 1227 527 1262 Praeneste
559 1239 672 1262 unam
706 1227 905 1271 Fortunae,
942 1226 1088 1269 liceret3
1129 1238 1175 1261 ea
1205 1231 1297 1260 vota
1326 1237 1395 1272 pro
1426 1223 1502 1260 vic-

89 1295 189 1330 toria
226 1295 357 1343 populi
405 1296 553 1332 {omani
595 1308 699 1339 esse;
745 1303 781 1331 et
818 1304 859 1331 ut
886 1295 1050 1331 societas
1080 1307 1207 1332 secum
1240 1301 1503 1339 renovaretur,

90 1376 258 1412 agerque
295 1365 366 1400 sibi
406 1365 453 1401 de
490 1378 578 1412 rege
609 1365 803 1402 Antiocho
847 1373 1000 1413 captus,
1042 1378 1152 1413 quem
1194 1364 1286 1400 nulli
1319 1364 1450 1400 datum
1481 1377 1505 1399 α

89 1434 232 1483 populo
264 1435 442 1471 Romano
477 1434 581 1470 Galli
613 1435 863 1482 possiderent,
898 1436 1066 1471 daretur.
1125 1435 1266 1471 Filium
1307 1442 1503 1482 postremo

89 1503 339 1540 Nicomedem
372 1504 520 1539 senatui
551 1505 846 1544 commendavit,
897 1505 1090 1545 Omniumq
1122 1504 1186 1552 qui
1215 1504 1253 1539 in
1275 1503 1506 1541 Macedonia

89 1573 341 1622 imperatores
383 1572 546 1619 fuerant,
588 1573 723 1610 favore
753 1583 809 1610 est
840 1575 1004 1612 adiutus.
1063 1575 1202 1621 ltaque
1232 1580 1377 1619 cetera,
1420 1586 1504 1622 quae

89 1643 264 1691 petebat,
303 1654 506 1685 concessa-3
545 1643 591 1679 de
632 1656 726 1692 agro
763 1657 987 1692 responsum
1033 1652 1108 1688 est,
1147 1644 1296 1692 legatos
1336 1644 1386 1679 ad
1423 1657 1503 1680 rem

87 1711 362 1760 inspiciendam
393 1713 589 1748 missuros.
659 1713 704 1749 Si
730 1714 761 1749 is
793 1727 886 1762 ager
916 1714 1046 1763 populi
1077 1714 1242 1751 Romani
1272 1713 1407 1750 fuisset
1435 1725 1505 1750 nec

89 1782 267 1829 cuiquam
311 1782 423 1817 datus
467 1790 585 1828 esset,
635 1784 897 1831 dignissimum
944 1798 989 1820 eo
1034 1785 1135 1820 dono
1173 1784 1351 1820 Prusiam
1394 1784 1504 1820 habi-

88 1858 194 1887 turos
225 1863 318 1887 esse.
383 1851 423 1887 Si
464 1861 589 1888 autem
611 1854 806 1890 Antiocho
838 1866 912 1889 non
956 1854 1127 1902 paruisse
1159 1861 1196 1889 et
1225 1866 1270 1889 eo
1305 1867 1352 1889 ne
1373 1854 1505 1903 populi

89 1921 240 1969 quidem
277 1921 443 1958 Romani
491 1920 633 1958 factum
677 1931 894 1972 appareret,
936 1930 1003 1960 aut.
1049 1923 1180 1959 datum
1230 1923 1354 1961 Gallis
1399 1936 1504 1969 esse,

89 2046 109 2074 3
135 2044 297 2074 comitum
323 2044 440 2074 urbem
476 2043 480 2081 Ι
514 2048 668 2073 atorurna
700 2049 797 2083 porta
822 2045 1039 2084 tribunalque
1066 2044 1149 2074 cassi
1225 2043 1257 2081 ὗ,
1295 2047 1307 2074 l
1349 2043 1502 2084 concufiq.

88 2102 237 2140 undique
291 2105 309 2131 3
336 2111 453 2142 persea
473 2108 652 2140 getumque
679 2111 773 2139 reges
792 2103 964 2132 uenissent
1024 2106 1043 2131 4
1063 2101 1169 2141 illyris
1210 2101 1241 2137 6,
1260 2102 1377 2142 2petit
1424 2101 1455 2139 7,
1483 2105 1502 2132 2

89 2167 166 2189 eum
182 2159 347 2190 cornelius
362 2159 467 2199 scipio
482 2168 512 2198 q.
530 2164 582 2188 tor
596 2159 652 2198 qui
681 2158 716 2197 8,
736 2163 746 2189 l
766 2166 884 2189 senatu
902 2189 904 2197 ¹
919 2159 990 2197 ugit
1004 2158 1112 2190 Dralt.
1128 2159 1247 2199 (Gryn.
1264 2158 1348 2198 adit)
1377 2163 1394 2189 2
1411 2168 1503 2190 com·

90 2228 330 2257 memorabitur
353 2227 437 2267 petit
511 2226 543 2264 9,
575 2230 586 2257 1
616 2227 760 2257 societas
786 2234 817 2258 et
843 2237 956 2257 secum
1019 2231 1037 2257 2
1076 2227 1235 2258 anthioco
1257 2230 1262 2267 Ι
1284 2228 1401 2258 datum
1427 2239 1458 2269 p.
1476 2239 1501 2259 r.

89 2284 170 2324 galli
186 2285 374 2325 possideret
415 2289 434 2315 4
450 2285 682 2315 macedoniam
726 2288 742 2314 5
758 2284 867 2314 fuerat
883 2284 982 2315 fauor
996 2291 1048 2316 est
1097 2284 1151 2321 10,
1168 2288 1187 2315 3
1203 2285 1364 2315 missuros
1381 2286 1408 2316 is
1423 2295 1504 2325 ager

91 2342 222 2384 Kreyss.
257 2342 374 2383 (Gryn.
404 2343 431 2373 si
458 2343 556 2382 ager)
624 2341 794 2372 Excidio-se
819 2341 965 2382 quoeclam
986 2348 1064 2382 puto
1095 2348 1125 2372 et
1147 2342 1193 2373 sic
1216 2342 1364 2382 scriptum
1379 2343 1502 2383 juLsse:

90 2400 118 2431 si
152 2401 178 2431 is
215 2410 296 2437 ager
327 2400 442 2440 populi
479 2400 622 2430 Romani
656 2399 766 2430 sactus
793 2406 901 2436 esset,
947 2409 1020 2430 cum
1060 2399 1223 2430 Antiochi
1271 2399 1392 2430 fuisset
1428 2399 1501 2431 Em.

94 2456 167 2489 627
216 2462 235 2488 4
261 2459 358 2488 datus
384 2463 433 2488 cst
498 2457 552 2493 11,
585 2461 598 2487 1
631 2457 756 2487 antioci
784 2467 850 2487 nou
876 2458 1064 2498 peruissent
1088 2467 1127 2488 eo
1154 2466 1195 2487 ne
1223 2475 1263 2480 -
1290 2457 1417 2488 factum
1444 2468 1504 2499 ap-

89 2521 188 2556 parat
212 2521 269 2545 aut
295 2515 410 2545 datum
428 2514 527 2554 gallis
542 2520 628 2545 esset
644 2514 714 2556 My.
730 2514 803 2546 Em.
825 2513 982 2549 62710201
1011 2515 1056 2545 ibi
1085 2514 1218 2555 scrt'psi:
1249 2515 1409 2546 Antiochi
1435 2525 1504 2546 non

89 2570 202 2609 fuisse,
229 2571 364 2603 nondum
390 2572 511 2603 invento
537 2572 716 2612 paruisse.)
743 2573 858 2614 (Gryn.
877 2573 902 2603 si
919 2579 1032 2603 autem
1051 2573 1209 2603 Antiochi
1224 2582 1292 2603 non
1307 2573 1435 2608 fuisset,
1464 2582 1504 2604 eo

90 2638 132 2661 ne
156 2640 188 2670 p.
216 2639 248 2669 q.
274 2630 316 2661 R.
342 2629 469 2660 sactum
496 2638 672 2671 apparere:
697 2636 756 2660 aut
781 2631 807 2661 si
834 2631 931 2662 datus
957 2629 1066 2662 Gallis
1092 2631 1194 2671 esset.)

1533 389 1554 422 0!

1540 1584 1585 1619 10

1540 1864 1582 1899 11
