1796 2929
207 1433 252 1467 10

209 1574 250 1608 ll

181 1777 228 1822 17

340 137 412 172 166
681 133 782 164 Liber
807 133 932 165 XLIV.
981 136 1043 174 (A.
1073 145 1103 166 u.
1133 145 1160 167 c.
1192 135 1288 175 585.)

279 254 491 290 institutum
525 266 646 301 usque
679 255 728 291 ad
760 256 932 293 ultimum
965 259 1052 294 vitae
1084 258 1181 294 diem
1213 265 1388 294 servarat
1419 256 1596 307 [cotidie]
1628 259 1685 295 bis

280 324 315 359 in
349 323 408 358 die
439 322 593 358 foederis
634 323 696 360 icti
737 337 820 361 cuin
853 325 1037 361 Romanis
1069 327 1306 375 perlegendi,
1340 334 1379 363 ut
1410 340 1493 363 cum
1530 341 1686 367 morem.

279 393 310 428 si
341 404 416 427 non
447 403 609 440 semper.
641 394 775 430 crebro
807 402 933 431 tamen
966 404 1179 443 usurparet.
1253 398 1464 444 Postquam
1498 397 1688 433 deterrere

280 473 363 496 eum
397 473 419 496 a
449 460 548 496 bello
581 463 747 510 nequiit,
789 464 912 512 primo
952 466 1177 502 subtrahere
1215 478 1298 502 sese
1338 479 1405 514 per
1436 466 1531 502 alias
1564 467 1688 514 adque

279 529 375 565 alias
406 541 550 575 causas,
582 544 628 567 ne
658 532 856 569 interesset
885 533 942 577 iis,
973 546 1056 581 quae
1086 547 1162 570 non
1193 536 1405 583 probabat,
1439 536 1570 584 coepit:
1621 549 1687 584 po·

279 606 442 643 stremo‚
480 612 566 636 cum
608 609 826 648 suspectum
865 615 906 638 se
936 615 1019 639 esse
1051 612 1222 640 cerneret
1252 612 1287 640 et
1319 605 1544 652 proditionis
1574 607 1687 641 inter-

282 667 369 703 dum
402 669 558 706 crimine
587 671 811 714 insimulari,
842 672 890 707 ad
908 673 1105 709 Romanos
1137 673 1342 721 transfugit
1372 680 1405 710 et
1435 687 1574 722 magno
1607 674 1688 710 usui

281 737 426 773 consuli
471 738 555 775 suit.
634 741 693 776 Ea
741 741 978 777 introductus
1023 742 1059 778 in
1105 744 1248 779 curiam
1295 755 1378 780 cum
1429 750 1689 786 memorasset,

280 814 435 842 senatus
490 808 526 843 in
577 808 782 846 formulam
830 810 1021 848 sociorum
1071 824 1154 848 eum
1200 813 1332 849 referri
1377 812 1502 855 iussit,
1552 813 1689 853 locum.

281 876 399 912 lautia
429 878 611 924 praeberi„
664 880 746 927 agri
777 881 994 925 Tarentini,
1044 882 1108 929 qui
1151 882 1323 929 publicus
1363 881 1493 930 popuii
1526 881 1690 917 Romani

282 952 392 989 esset,
423 946 586 983 ducenta
617 948 749 996 iugera
778 949 885 994 dari,
925 956 962 986 et
990 951 1090 987 aedes
1120 952 1279 987 Tarenti
1310 951 1395 987 emi.
1455 951 1521 988 Uti
1552 963 1597 986 ea
1627 962 1690 986 cu-

283 1021 410 1060 raret,
450 1015 490 1052 C.
524 1016 698 1054 Decimio
729 1020 882 1067 praeton'
920 1020 1156 1058 mandatum.
1222 1023 1243 1043 *
1270 1023 1290 1043 *
1313 1023 1335 1043 *
1366 1022 1523 1069 equitum
1562 1032 1690 1057 recen-

282 1097 364 1120 sum
410 1085 535 1122 idibus
580 1087 879 1133 Decemb1·ibus‚
928 1090 1096 1127 severius
1142 1103 1257 1138 quam
1302 1097 1415 1133 ante,
1465 1090 1691 1126 habuerunt.

283 1154 415 1190 Multis
447 1156 534 1203 eqni
568 1157 748 1205 adempti,
779 1158 877 1194 inter
907 1171 1003 1207 quos
1040 1161 1084 1196 P.
1116 1160 1281 1202 Rutilio,
1317 1161 1380 1207 qni
1411 1160 1584 1196 tribunus
1614 1159 1692 1208 ple-

283 1223 340 1259 bis
371 1236 436 1260 eos
467 1225 653 1262 violenter
683 1235 904 1270 accusarat;
935 1229 1033 1264 tribu
1067 1241 1219 1277 quoque
1249 1231 1279 1265 is
1315 1237 1441 1265 motus
1471 1237 1508 1265 et
1537 1229 1693 1264 aerarius

283 1292 420 1332 factus,
479 1295 544 1331 Ad
575 1308 694 1344 opera
724 1297 876 1344 publica
906 1296 1083 1334 facienda
1113 1310 1196 1334 eum
1230 1298 1283 1334 eis
1314 1298 1509 1334 dimidium
1534 1311 1581 1334 cx
1604 1310 1693 1333 vec-

285 1363 465 1411 tigalibus
506 1364 586 1400 eius
616 1366 706 1402 anni
736 1366 969 1403 adtributum
1012 1379 1060 1403 ex
1089 1374 1244 1403 senatus
1274 1367 1446 1403 consulto
1477 1380 1499 1403 a
1531 1373 1694 1414 quaesto—

286 1432 390 1469 ribus
421 1440 532 1478 esset,
562 1434 625 1471 Ti.
659 1434 909 1484 Sempronius
944 1449 991 1472 ex
1021 1449 1067 1472 ea
1097 1437 1271 1484 pecunia,
1302 1449 1386 1484 quae
1407 1436 1478 1484 ipsi
1501 1436 1693 1472 adtributa

286 1510 390 1547 erat,
439 1504 539 1539 aedes
575 1504 620 1540 P.
654 1504 829 1541 Africani
866 1518 967 1554 pone
1009 1506 1168 1542 Veteres
1208 1506 1256 1541 ad
1290 1506 1494 1542 Vortumni
1532 1506 1695 1554 signum.

286 1571 533 1620 lanienasque
564 1579 601 1608 et
630 1575 810 1610 tabernas
844 1575 1066 1611 coniunctas
1101 1575 1137 1610 in
1176 1575 1368 1623 publicum
1413 1575 1525 1620 emit,
1569 1575 1698 1612 basili-

285 1653 447 1689 eamque
491 1641 707 1679 faciendam
758 1644 928 1688 curavit,
979 1656 1062 1692 quae
1112 1653 1247 1692 postea
1291 1644 1519 1692 Sempronia
1567 1643 1696 1693 appel-

286 1711 364 1747 lata
394 1717 460 1748 est.

399 1781 483 1816 Iam
515 1781 553 1816 in
584 1780 687 1816 exitu
719 1793 840 1817 annus
871 1788 973 1827 erat,
1007 1789 1042 1819 et
1074 1787 1230 1832 propter
1261 1784 1500 1820 Macedonici
1533 1784 1698 1819 maxime

287 1850 374 1886 belli
404 1861 534 1887 curam
565 1850 603 1885 in
634 1852 873 1887 sermonibus
903 1852 1076 1888 homines
1107 1853 1319 1897 habebant,
1364 1864 1458 1900 quos
1489 1852 1526 1888 in
1557 1865 1696 1888 annum

287 2037 320 2075 ἴ),
350 2042 369 2067 3
397 2037 655 2077 institutumque
678 2036 683 2076 Ι
706 2036 864 2067 seruabat
887 2036 994 2068 Drcdc.
1032 2040 1035 2078 j
1077 2038 1200 2069 cotidie
1228 2039 1348 2068 notavit
1366 2037 1474 2068 Drak.
1538 2037 1568 2075 6,
1600 2041 1611 2068 l
1642 2038 1698 2068 dc-

288 2115 420 2145 cerpere
483 2109 501 2135 2
538 2105 662 2144 nequid
693 2106 802 2145 primo
830 2115 850 2146 p
876 2105 1074 2137 subtrahere
1140 2109 1159 2136 3
1193 2106 1277 2137 alias
1305 2116 1347 2137 ne
1375 2107 1378 2147 ἦ
1407 2107 1434 2137 is
1498 2110 1516 2136 4
1535 2106 1699 2146 proditio-

289 2162 386 2193 nibus
436 2165 453 2191 5
481 2161 665 2201 transfugit
691 2172 813 2201 magno
840 2162 947 2193 Drak.
1008 2162 1039 2199 7,
1071 2166 1083 2193 l
1114 2172 1317 2194 memorasse
1373 2167 1391 2193 2
1420 2162 1542 2193 referre
1591 2163 1699 2194 slau-

289 2219 368 2250 tiam
397 2218 492 2250 Frob.
521 2217 560 2249 Il
580 2217 586 2260 Ι
608 2219 679 2258 agri
707 2220 905 2250 intrarentin
932 2220 989 2259 qui
1049 2223 1066 2250 5
1095 2220 1191 2251 decio
1254 2220 1287 2257 8,
1319 2224 1329 2250 l
1361 2220 1558 2250 mandatum
1585 2229 1698 2251 recen-

287 2286 359 2308 sum
392 2275 558 2307 Lacunam
585 2276 705 2307 notavit
726 2275 797 2317 My.
814 2276 886 2308 Em.
903 2275 988 2308 56¹9.
1019 2277 1138 2319 (Gr-yn.
1166 2278 1374 2309 mandatum.
1426 2275 1594 2309 Censores
1621 2286 1697 2307 ecn—

288 2344 380 2384 sum)
431 2348 448 2374 2
477 2333 602 2383 quanm
653 2348 672 2375 3
699 2354 747 2384 pr.
775 2345 872 2376 utilio
923 2350 942 2376 4
968 2352 1141 2377 accusaret
1168 2346 1273 2377 tribus
1300 2356 1435 2387 quoquc
1462 2346 1512 2377 his
1534 2346 1538 2385 Ι
1561 2352 1593 2376 et
1618 2354 1699 2385 ope-

288 2401 395 2432 rarius
416 2400 547 2432 Ursinus
574 2402 695 2443 (Gryn.
722 2411 815 2443 oper.
841 2401 950 2434 factus
975 2404 1015 2434 ad
1043 2413 1097 2444 op.
1127 2413 1159 2444 p.
1179 2403 1345 2434 facienda.
1379 2403 1480 2443 Cum)
1524 2403 1557 2440 9,
1584 2406 1602 2433 2
1622 2402 1700 2433 Post

288 2458 523 2499 quaestori‚bus
549 2465 639 2490 esset
662 2460 799 2500 spa-{inm
826 2470 958 2490 vacuum
984 2459 1034 2491 20
1048 2461 1124 2501 sere
1157 2459 1328 2491 litterarum
1354 2466 1398 2491 est
1423 2470 1517 2500 usque
1542 2457 1697 2498 adfinem

288 2526 403 2546 versus.
451 2515 505 2552 10,
535 2519 547 2546 l
577 2521 600 2547 t.
627 2517 837 2558 sempronius
856 2516 952 2548 Frob.
965 2516 1013 2548 II.
1061 2518 1431 2556 2uoitumnisisignum
1477 2521 1496 2548 3
1515 2516 1698 2556 laneasque

294 2582 454 2615 Turnebus
520 2583 574 2622 11,
605 2588 616 2615 1
651 2585 826 2616 basilicam
853 2584 1110 2625 faciendamque
1135 2574 1281 2617 curat'uit
1338 2585 1451 2623 XVII,
1486 2585 1517 2623 1,
1548 2588 1559 2616 l
1591 2593 1700 2616 macc-

288 2641 415 2672 donicae
