1796 2929
167 539 209 573 10

135 665 184 710 18

185 1445 206 1478 4

190 1578 209 1611 5

304 142 377 178 138
643 140 744 171 Liber
769 140 898 172 XLIII.
949 142 1007 181 (A.
1035 151 1067 173 u.
1093 151 1120 173 c.
1150 143 1244 182 585.)

243 261 307 308 qni
338 262 387 297 ad
418 260 652 296 Macedonas
682 267 832 308 gentem
863 262 1089 306 trahebant3
1119 275 1209 311 pars
1232 273 1421 305 recusare,
1454 275 1512 307 ne,
1547 263 1649 311 quod

243 331 342 366 bello
374 329 494 377 captis
526 337 561 365 et
590 330 763 366 hostibus
794 342 877 366 mos
908 337 1026 376 esset,
1068 332 1106 367 id
1149 338 1298 380 pacatae
1338 337 1374 368 et
1411 332 1523 368 sociae
1553 332 1646 368 eivi-

243 405 340 434 tates
368 399 584 446 ignominiae
615 400 842 448 acciperent.
906 401 1015 436 Iusta
1057 401 1276 450 deprecatio
1306 402 1387 438 haee
1416 401 1511 438 visa.
1571 403 1650 438 La-

242 469 358 504 risam
399 468 448 503 ad
482 467 686 505 Hostilium
730 470 997 517 proconsulem
1043 471 1108 517 (ab
1153 484 1198 507 eo
1242 472 1341 508 enim
1378 471 1480 508 missi
1522 472 1646 518 erant)

242 537 358 585 legati
406 537 611 574 redierunt.
677 537 881 575 Octavium
927 540 1082 576 retinuit
1117 553 1263 585 secum3
1326 541 1518 589 Popilium
1565 552 1651 577 eum

243 607 344 642 mille
374 605 495 643 ferme
525 607 706 643 militibus
738 608 775 644 in
808 608 969 644 hiberna
999 609 1248 646 Ambraciam
1280 610 1394 646 misit.

354 676 542 720 Perseus,
590 677 776 725 principio
817 678 952 714 hiemis
982 679 1111 726 egredi
1142 680 1379 716 Macedoniae
1409 680 1546 716 finibus
1576 692 1652 716 non

243 757 384 789 ausus,
413 758 461 782 ne
492 758 569 794 qua
602 746 640 782 in
674 759 833 795 regnum
864 759 1027 784 vacuum
1059 748 1319 797 inrumperent
1348 749 1536 794 Romani,
1579 750 1650 786 sub

243 822 393 863 tempus
425 816 583 860 brumae,
611 828 694 852 cum
726 816 1053 866 inexsuperabiles
1091 819 1138 854 ab
1175 819 1381 855 Thessalia
1412 826 1561 855 montes
1590 819 1651 855 ni-

243 885 299 921 vis
333 885 492 921 altitudo
523 884 628 929 facit,
663 887 903 923 occasionem
937 900 1019 923 esse
1049 894 1154 923 ratus
1188 887 1389 936 frangendi
1405 888 1651 924 finitimorum

243 966 328 1002 spes
360 954 599 1002 animosque,
631 967 676 991 ne
708 956 813 1003 quid,
845 969 981 993 averso
1013 969 1054 993 se
1084 957 1122 993 in
1153 958 1370 994 Romanum
1401 958 1554 1001 bellum,
1585 970 1651 1006 pe-

242 1023 349 1060 riculi
381 1024 430 1060 ab
468 1024 513 1060 iis
544 1031 664 1069 esset,
711 1037 795 1061 eum
839 1039 862 1062 a
891 1027 1058 1063 Threcia
1094 1040 1227 1075 pacem
1261 1026 1400 1077 Cotys,
1451 1028 1499 1064 ab
1532 1027 1652 1076 Epiro

243 1091 436 1140 Cephalus
468 1094 667 1141 repentina
698 1094 911 1132 defectione
953 1097 1001 1133 ab
1036 1097 1222 1133 Romanis
1256 1104 1500 1145 praestarent,
1546 1098 1651 1134 Dar-

244 1162 366 1198 danos
396 1174 527 1199 recens
559 1164 765 1200 domuisset
799 1165 951 1210 bellum,
985 1166 1023 1202 id
1058 1166 1180 1202 solum
1212 1166 1389 1203 infestum
1421 1179 1504 1204 esse
1521 1167 1651 1203 Mace-

243 1231 366 1268 doniae
396 1232 518 1277 latus,
567 1233 668 1280 quod
703 1234 751 1269 ab
782 1234 936 1283 Illyrico
968 1241 1138 1284 pateret,
1175 1248 1353 1282 cernens,
1405 1248 1529 1285 neque
1559 1236 1652 1284 ipsis

243 1301 380 1349 quietis
410 1301 549 1350 Illyriis
581 1309 617 1338 et
647 1303 790 1339 aditum
823 1305 1079 1352 praebentibus
1110 1306 1321 1351 Romanis,
1370 1306 1401 1342 si
1443 1305 1652 1342 domuisset

244 1371 440 1419 proximos
473 1371 704 1420 Illyriorum,
737 1372 918 1409 Gentium
949 1386 1102 1421 quoque
1131 1386 1259 1422 regem
1291 1376 1367 1411 iam
1401 1376 1464 1411 diu
1495 1375 1651 1412 dubium

239 1441 276 1476 in
302 1441 524 1477 societatem
556 1442 686 1489 perlici
717 1454 852 1490 posse,
882 1454 967 1478 cum
997 1443 1038 1479 X
1069 1444 1220 1480 milibus
1252 1445 1442 1493 peditum,
1487 1457 1649 1493 quorum

241 1523 330 1558 pars
360 1510 592 1559 phalangitae
625 1519 755 1557 erant,
786 1518 823 1548 et
852 1512 1001 1548 duobus
1032 1513 1183 1549 milibus
1214 1514 1353 1550 levium
1386 1527 1581 1551 armorum
1612 1522 1650 1551 et

244 1580 457 1628 quingentis
480 1581 670 1628 equitibus
692 1581 898 1629 profectus,
931 1581 1154 1619 Stuberram
1173 1584 1287 1622 venit.
1333 1584 1428 1620 Inde
1458 1583 1650 1620 frumento

242 1649 480 1698 conplurium
499 1650 642 1686 dierum
675 1658 840 1699 sumpto„
872 1652 1052 1699 iussoque
1086 1660 1274 1700 apparatu
1304 1654 1649 1702 oppugnandarum

244 1719 391 1755 urbium
422 1720 549 1767 sequi,
601 1720 711 1756 tertio
756 1720 816 1756 die
854 1721 902 1756 ad
933 1722 1128 1758 Uscanam
1174 1720 1434 1771 (Penestianae
1465 1731 1575 1759 terrae
1606 1736 1651 1759 ea

241 1789 410 1825 maxima
441 1789 531 1825 urbs
562 1792 636 1831 est)
668 1791 795 1838 posuit
826 1798 964 1834 eastra,
998 1791 1102 1839 prius
1134 1798 1284 1835 tamen,
1322 1805 1435 1839 quam
1467 1793 1544 1828 vim
1580 1791 1650 1827 ad-

242 1864 434 1903 moveret,
481 1858 628 1902 missis,
679 1859 742 1906 qui
785 1865 1015 1908 temptarent
1045 1873 1144 1897 nune
1175 1859 1439 1909 praefectorum
1471 1861 1652 1910 praesidii,

242 2021 259 2046 5
288 2018 329 2047 ad
355 2017 609 2048 macedonicam
627 2015 724 2047 Gron.
764 2016 827 2054 871
853 2027 913 2057 par
947 2022 964 2047 2
982 2016 1069 2049 Num
1095 2018 1186 2049 bello
1213 2019 1318 2060 captis
1344 2019 1497 2050 hostibus
1524 2019 1652 2060 imponi

242 2095 314 2116 mos
340 2090 450 2117 esset?
475 2086 546 2117 Em.
574 2084 648 2116 556·
712 2085 743 2122 9,
769 2089 780 2115 l
808 2086 1010 2126 depraecatio
1033 2087 1037 2125 1
1060 2087 1132 2118 uisa
1158 2088 1179 2117 h
1204 2075 1305 2118 larisa
1353 2087 1407 2123 10,
1427 2091 1439 2118 1
1459 2087 1648 2126 oetauinmff

241 2143 415 2183 popillium
444 2144 477 2183 (·.2
497 2143 567 2183 sil.)
618 2142 750 2180 XVIII,
778 2143 807 2178 1,
841 2147 851 2173 l
882 2143 1002 2174 finibus
1028 2154 1068 2175 ne
1094 2155 1194 2176 ausus
1221 2154 1262 2175 ne
1304 2149 1323 2176 3
1343 2144 1588 2185 exsuperabilis
1606 2144 1649 2175 ab

241 2211 375 2242 tessalia
397 2212 401 2250 l
424 2211 462 2241 ln
488 2212 575 2243 niuis
597 2212 687 2253 prius
712 2212 721 2241 i
746 2222 844 2252 supra
870 2211 1074 2253 adscriptum.
1123 2212 1155 2248 2,
1179 2216 1190 2243 1
1222 2223 1292 2244 esse
1319 2203 1456 2253 perotus
1507 2217 1524 2243 2
1555 2213 1653 2252 quid-

242 2269 421 2300 inaduerso
449 2279 484 2300 se
507 2270 672 2309 {periculi
705 2269 831 2300 abisset
858 2268 993 2300 Forchli.
1034 2268 1106 2300 Em.
1135 2269 1209 2300 556
1248 2268 1366 2311 (Gryn.
1394 2270 1534 2311 periculi
1572 2270 1651 2301 sub-

242 2326 347 2364 esset)
405 2330 423 2356 :3
451 2327 554 2357 trecia
575 2327 580 2365 Ι
604 2326 709 2367 fcpiro
736 2327 780 2366 (si
803 2332 882 2357 recle
908 2332 1015 2357 notata
1043 2325 1197 2367 intellz'yo)
1232 2331 1250 2357 4
1271 2328 1405 2368 cepalus
1457 2331 1474 2358 5
1503 2327 1653 2358 domuis-

241 2383 349 2413 sctsed
376 2383 501 2414 bellum
528 2384 647 2415 isolum
667 2383 738 2425 My.
752 2383 823 2415 Em.
838 2383 912 2415 556
939 2384 1056 2425 (ὂν-φτ.
1085 2384 1175 2414 bello
1202 2384 1320 2414 solum.
1359 2384 1478 2415 Vahlen
1504 2385 1514 2415 i
1536 2390 1653 2425 puncto

241 2456 377 2481 notatum
403 2451 537 2492 scribit.)
592 2452 624 2489 3,
652 2457 669 2483 2
697 2453 736 2484 ad
764 2453 907 2493 inlyrico
959 2456 977 2483 3
1005 2452 1115 2492 inlyrii
1177 2456 1195 2482 4
1222 2452 1418 2493 inlyriorum
1471 2456 1488 2483 5
1515 2441 1653 2493 perlicie

240 2507 272 2545 4,
300 2511 318 2538 2
346 2514 552 2539 armatorum
583 2509 680 2540 Gron.
734 2514 753 2541 3
780 2510 972 2550 stybernnm
1022 2509 1054 2546 5,
1082 2514 1099 2540 2
1128 2515 1263 2550 sumptu
1303 2514 1322 2541 3
1349 2520 1475 2541 uscana
1490 2507 1601 2551 Siyon.
1631 2514 1650 2540 4

242 2577 387 2607 maxime
403 2575 513 2618 Siyon.
542 2591 545 2618 Α
569 2579 683 2618 posuit
701 2587 803 2610 causa
852 2579 884 2617 6,
914 2583 927 2610 1
959 2585 1070 2610 tamen
1098 2566 1245 2619 quodam
1272 2579 1342 2609 uim
1392 2582 1410 2609 2
1445 2584 1651 2620 temptarent

241 2634 267 2664 si
293 2643 382 2665 nunc
404 2634 409 2675 l
430 2635 561 2675 praesidi
