1796 2929
498 133 600 164 Liber
625 132 753 163 XLIII.
806 132 864 172 (A.
894 131 972 163 Chr.
1006 132 1096 172 169.)
1402 134 1474 168 137

123 255 319 303 conceptis
358 256 485 292 verbis
522 256 682 301 iuravit,
733 256 764 291 si
794 254 941 302 collega
971 255 1174 290 damnatus
1205 262 1327 298 esset,
1358 265 1433 289 non
1465 266 1533 289 ex-

127 332 282 372 pectato
323 325 369 361 de
405 337 446 360 sc
488 325 650 370 iudicio,
701 325 876 361 comitem
909 324 1032 360 exsilii
1063 325 1142 360 eius
1173 324 1354 360 futurum.
1421 323 1534 360 Adeo

125 402 254 429 tamen
284 394 333 429 ad
364 401 574 430 extremum
605 395 685 442 spei
715 394 818 430 venit
846 406 945 438 reus,
976 401 1016 429 ut
1047 402 1132 430 octo
1151 394 1328 429 centuriae
1348 393 1395 429 ad
1427 393 1534 429 dam-

124 462 317 498 nationem
365 462 564 500 dcfuerint.
635 464 826 500 Absoluto
869 462 1055 506 Claudio,
1096 463 1269 498 tribunus
1310 462 1430 510 plebis
1469 475 1535 498 ne-

124 530 231 579 gavit
260 543 301 567 se
333 531 551 569 Gracchum
581 533 735 569 morari.

235 600 295 636 Eo
329 614 449 646 anno,
480 603 761 650 postulantibus
792 602 1096 650 Aquileiensium
1130 602 1288 649 legatis,
1332 609 1375 637 ut
1404 614 1534 637 nume-

124 681 189 705 rus
225 670 448 707 colonorum
482 680 707 720 augeretur,
749 672 852 708 mille
899 678 935 707 et
966 672 1183 719 quingentae
1213 670 1366 707 familiae
1397 683 1444 706 cx
1474 683 1535 706 se-

124 746 239 775 natus
263 741 436 777 consulto
468 742 631 790 scriptae,
662 742 937 789 triumvirique,
969 742 1032 788 qui
1065 753 1129 777 eas
1160 741 1401 785 deducerent,
1433 740 1536 776 missi

124 816 224 852 sunt,
255 810 303 845 T.
333 811 484 847 Annius
517 812 676 855 Luscus,
711 813 756 848 P.
787 811 930 847 Decius
965 811 1130 856 Subulo,
1161 812 1214 847 M.
1247 809 1446 847 Cornelius
1464 808 1535 846 Ce-

126 878 274 925 thegus.
341 879 488 915 Eodem
522 893 622 916 anno
654 880 696 917 C.
727 881 902 929 Popilius
933 888 969 916 et
1000 879 1070 917 Cn.
1095 880 1280 917 Octavius
1310 880 1440 928 legati,
1472 879 1536 926 qui

124 948 162 983 in
196 947 387 985 Graeciam
432 949 536 985 missi
568 958 696 995 erant,
742 960 897 986 senatus
928 950 1166 993 consultum,
1197 949 1342 987 Thebis
1372 949 1536 997 primum

123 1017 337 1063 recitatum,
381 1032 450 1067 per
494 1032 625 1055 omnes
657 1020 913 1068 Peloponnesi
956 1021 1068 1056 urbes
1114 1018 1445 1061 circumtulerunt,
1490 1030 1538 1053 ne

126 1086 211 1134 quis
249 1087 363 1124 ullam
408 1102 486 1125 rein
534 1089 571 1125 in
608 1090 749 1125 bellum
782 1089 1070 1138 magistratibus
1102 1089 1288 1126 Romanis
1335 1087 1537 1131 conferret,

125 1164 380 1205 praeterquam
425 1159 526 1206 quod
573 1167 728 1195 senatus
772 1159 992 1195 censuisset.
1060 1159 1148 1195 Hoc
1189 1158 1366 1194 fiduciam
1398 1157 1436 1193 in
1469 1169 1536 1204 po-

125 1232 266 1263 sterum
314 1240 467 1276 quoque
509 1229 747 1276 praebuerat,
791 1229 941 1265 levatos
979 1241 1019 1265 se
1060 1229 1239 1265 oneribus
1282 1225 1537 1274 impensisque,

125 1296 276 1343 quibus,
308 1297 385 1332 alia
419 1298 502 1334 aliis
533 1299 809 1346 inperantibus,
841 1298 1178 1336 exhauriebantur.
1243 1296 1416 1334 Achaico
1449 1307 1537 1331 con-

125 1366 212 1402 cilio
245 1367 342 1414 AEgi
373 1368 488 1413 dato,
534 1369 696 1415 benigne
726 1368 842 1404 locuti
874 1368 1080 1415 auditique,
1128 1367 1284 1415 egregia
1320 1378 1388 1414 spe
1420 1363 1538 1401 futuri

126 1443 248 1472 status
293 1436 479 1473 fidissima
522 1444 634 1485 gente
664 1437 819 1482 relicta,
868 1438 906 1473 in
937 1437 1127 1474 AEtoliam
1174 1437 1418 1473 traiecerunt.
1477 1434 1537 1471 lbi

126 1506 294 1542 nondum
328 1507 480 1554 quidem
514 1507 649 1542 seditio
683 1514 778 1551 erat,
808 1507 874 1542 sed
893 1508 1023 1543 onmia
1052 1515 1230 1555 suspecta
1262 1506 1540 1552 criminumque

122 1575 223 1611 inter
251 1575 356 1623 ipsos
386 1576 512 1624 plena.
578 1576 638 1613 Ob
673 1590 757 1624 quae
788 1577 984 1613 obsidibus
1028 1576 1230 1624 postulatis
1267 1587 1390 1622 neque
1435 1573 1539 1610 exitu

124 1645 180 1681 rei
209 1645 401 1693 inposito,
434 1646 470 1681 in
502 1646 765 1682 Acarnaniam
797 1646 884 1682 inde
914 1645 1078 1694 profecti
1111 1645 1226 1693 legati
1257 1653 1354 1681 sunt.
1415 1642 1537 1691 Thyri

128 1715 329 1751 concilium
360 1715 496 1764 legatis
525 1718 753 1752 Acarnanes
785 1716 982 1752 dederunt.
1042 1715 1102 1751 Ibi
1139 1727 1293 1763 quoque
1331 1714 1430 1750 inter
1456 1713 1539 1749 fae-

126 1784 250 1821 tiones
286 1793 369 1821 erat
398 1793 602 1821 certamen.
670 1785 835 1833 Quidam
866 1785 1081 1834 principum
1111 1785 1330 1834 postulare,
1374 1791 1413 1820 ut
1443 1796 1539 1831 prae-

132 1854 232 1891 sidia
262 1855 299 1890 in
343 1855 456 1891 urbes
493 1868 583 1891 suas
621 1856 889 1891 inducerentur
919 1855 1104 1892 adversus
1147 1854 1353 1891 amentiam
1395 1865 1539 1897 eorum,

130 2090 185 2129 16,
201 2094 219 2122 2
247 2092 376 2122 ueniret
402 2101 476 2122 reus
527 2095 547 2121 4
574 2091 719 2130 graccho
771 2090 888 2127 XVII,
910 2090 941 2127 1,
966 2093 977 2120 1
1000 2099 1176 2120 numerum
1193 2089 1388 2120 colonorum
1405 2093 1543 2128 augeret

130 2147 229 2180 Gron.
281 2152 300 2179 2
335 2158 369 2180 οῦ
391 2155 423 2179 et
449 2159 469 2179 a
493 2148 633 2180 familiae
661 2148 773 2179 4Posl
799 2153 876 2178 sunt
902 2147 1038 2188 spatium
1063 2157 1132 2178 vac.
1161 2152 1227 2177 octo
1253 2156 1398 2177 novemve
1421 2144 1540 2176 littera-

125 2227 192 2248 rum
220 2217 252 2248 in
268 2216 338 2257 fine
365 2228 481 2255 versus,
509 2216 596 2248 nulla
618 2228 744 2248 ras-ura.
769 2215 774 2258 Ι
795 2206 904 2248 lucusi
920 2217 923 2256 ξ
939 2216 1059 2247 subolo
1098 2215 1129 2252 2,
1146 2219 1163 2246 2
1189 2221 1315 2246 erantc
1337 2221 1385 2247 sc.
1436 2218 1455 2245 3
1481 2223 1540 2254 pe-

128 2285 391 2326 loponnensesui
416 2287 516 2318 urbes
566 2289 584 2317 5
613 2286 694 2326 quid
719 2291 855 2317 senatus
905 2285 937 2323 3,
954 2289 971 2315 2
989 2285 1258 2325 oneneribusque
1272 2282 1352 2324 (Ed.
1368 2282 1467 2314 Frob.
1489 2281 1539 2313 II.

135 2341 233 2384 Gryn.
262 2343 503 2384 oneribusque)
567 2342 600 2380 4,
632 2347 643 2373 l
684 2344 799 2374 acaico
833 2343 975 2373 consilio
1040 2346 1058 2372 2
1092 2343 1183 2382 argis
1219 2342 1345 2381 agitato
1371 2340 1445 2382 My.
1469 2346 1544 2381 post

137 2398 242 2431 Ursin.
295 2400 403 2441 (AEgii
430 2411 468 2431 ex
481 2399 592 2442 Polyb.
615 2399 802 2438 XXVIII,
821 2399 858 2440 3)
878 2405 907 2430 et
927 2399 1037 2431 H'eiss.
1065 2399 1119 2439 (iis
1145 2398 1238 2440 dato)
1268 2399 1272 2441 j
1299 2397 1339 2429 In
1367 2398 1540 2437 auditique

128 2455 184 2487 litt.
212 2466 234 2488 u
259 2469 359 2498 supra
385 2457 550 2499 adscripta
575 2464 628 2489 est.
680 2462 698 2489 3
726 2458 844 2488 statuis
894 2455 934 2494 5,
969 2461 988 2487 2
1014 2456 1096 2488 Haec
1122 2457 1216 2488 verba
1245 2466 1309 2496 que
1333 2456 1422 2486 inter
1446 2455 1539 2495 ipsos

127 2513 229 2554 plena
261 2515 307 2545 bis
338 2515 458 2556 scripta
488 2522 568 2546 suut.
633 2515 663 2553 7,
694 2519 707 2546 l
747 2515 833 2556 typri
860 2513 971 2555 Sz'yon.
1034 2517 1053 2545 2
1079 2515 1204 2555 legatis
1237 2525 1318 2545 corr.
1346 2524 1384 2544 ex
1407 2513 1540 2552 legatas

133 2586 135 2619 ἦ
162 2582 413 2614 interfectiones
469 2587 487 2614 3
514 2583 554 2614 In
583 2584 739 2625 praesidia
763 2582 957 2624 adscriptum
983 2584 992 2614 i
1019 2583 1096 2614 inter
1120 2593 1148 2614 ae
1172 2589 1202 2614 et
1224 2593 1249 2614 s.

1571 326 1616 359 16

1596 596 1646 641 17
