1742 2902
165 1279 215 1324 10

225 1719 230 1724 =
279 1711 410 1735 eorum
446 1699 591 1742 Romae,
623 1704 658 1733 et
689 1710 819 1733 omnes
850 1697 886 1733 in
918 1697 996 1733 suis
1026 1697 1244 1732 civitatibus
1275 1700 1529 1732 censerentur.
1588 1694 1688 1731 Con-
1728 1727 1729 1732 ,

316 128 366 162 46
672 124 773 155 Liber
797 122 907 154 XLII.
959 122 1018 164 (A.
1045 133 1077 154 u.
1105 132 1131 154 c.
1161 121 1256 162 581.)

262 246 360 283 ferre
393 247 441 283 ad
471 251 644 280 senatum
677 243 889 288 debuisset,
929 243 1112 280 adversus
1143 255 1183 279 se
1210 255 1279 291 pro
1317 242 1490 279 hostibus
1519 247 1672 278 senatus

263 316 474 352 consultum
506 312 669 358 fecisset,
701 325 777 360 quo
808 313 1007 349 victoriam
1039 325 1148 348 suam
1179 313 1227 348 ad
1258 313 1420 360 Ligures
1450 310 1675 347 transferret

266 384 429 431 dedique
459 383 503 418 iis
533 395 654 431 prope
684 382 876 419 consulem
916 390 1056 431 praetor
1092 382 1252 420 iuberet.
1336 382 1474 428 Itaque
1516 380 1672 416 multam

265 453 297 489 ei
327 465 366 488 se
397 452 539 494 dicere;
571 464 593 487 a
623 452 795 499 patribus
826 451 1033 499 postulare,
1078 458 1117 487 ut
1147 458 1301 487 senatus
1327 449 1540 486 consultum
1571 449 1608 484 in
1634 460 1674 484 se
1714 459 1716 461 ’

212 525 225 553 ἔ
265 522 407 558 factum
442 521 523 557 tolli
556 521 726 557 iuberent
756 521 1170 568 supplicationemque,
1211 532 1325 567 quam
1358 521 1515 555 absente
1551 530 1591 554 se
1628 530 1676 554 ex

265 590 399 627 litteris
429 590 476 626 de
509 591 604 626 bene
647 596 757 638 gesta
794 603 834 625 re
869 589 1021 637 publica
1066 590 1190 625 missis
1236 589 1438 624 decernere
1468 587 1678 630 debuerint,
1728 590 1730 594 ’

267 667 453 708 praesente
483 671 523 695 se
553 659 708 695 honoris
739 659 896 694 deorum
928 659 1091 706 primum
1123 670 1259 701 eausa,
1290 657 1425 693 deinde
1456 664 1489 692 et
1521 656 1578 692 sui
1609 656 1677 692 ali·
1730 663 1733 705 J

228 737 233 744 ⁴
271 741 347 777 quo
393 737 518 764 tamen
567 734 740 775 respectu
787 728 1044 765 decernerent.
1123 727 1254 763 Nihilo
1299 726 1518 771 leuioribus,
1564 737 1677 773 quam
1729 719 1733 762 .‘

269 799 430 842 absens,
474 804 692 832 senatorum
737 797 884 844 aliquot
914 797 1151 833 orationibus
1183 796 1399 843 increpitus,
1444 801 1577 831 neutra
1607 795 1680 830 im-
1729 798 1733 823 ἲ

270 874 422 916 peti-ata
468 879 521 911 re,
565 866 600 901 in
650 866 884 914 provinciam
932 866 1052 902 rediit.
1128 865 1239 902 Alter
1278 865 1409 901 consul
1449 864 1680 908 Postumius,
1729 860 1732 870 ’

270 942 498 984 consumpta
537 942 668 972 aestate
707 936 743 971 in
783 935 1100 983 recognoscendis
1141 935 1265 982 agris,
1310 946 1356 970 ne
1400 933 1483 969 visa
1528 933 1679 980 quidem
1729 955 1732 963 ‚

233 1017 236 1021 ’
270 1006 470 1055 provincia
500 1017 588 1049 sua,
621 1005 860 1041 comitiorum
893 1016 1010 1040 causa
1040 1006 1204 1040 Romam
1236 1003 1358 1039 rediit.
1422 1001 1608 1039 Consules
1638 1000 1682 1038 C.

271 1075 462 1123 Popilium
506 1074 720 1118 Laenatem,
765 1074 810 1110 P.
849 1073 997 1110 AElium
1039 1073 1219 1121 Ligurem
1265 1072 1421 1110 creavit.
1493 1073 1683 1108 Praetores
1730 1075 1733 1111 ξ

271 1144 408 1181 exinde
447 1143 537 1180 facti
569 1142 612 1180 C.
647 1143 813 1179 Licinius
845 1142 1030 1187 Crassus,
1060 1143 1114 1178 Μ.
1145 1143 1278 1179 Iunius
1311 1142 1479 1186 Pennus,
1509 1140 1575 1189 Sp.
1608 1141 1683 1177 Lu·
1729 1126 1732 1171 s

271 1213 422 1258 cretius,
457 1213 525 1261 Sp.
557 1211 726 1257 Cluvius,
758 1210 828 1249 Cn.
861 1212 1037 1257 Sicinius,
1071 1211 1111 1250 C.
1143 1212 1336 1248 Memmius
1364 1211 1513 1247 iterum.

385 1283 444 1319 Eo
476 1294 576 1318 anno
607 1281 765 1317 lustrum
797 1281 988 1317 conditum
1021 1288 1089 1317 est.
1160 1281 1349 1317 Censores
1379 1286 1488 1316 erant
1520 1280 1565 1325 Q.
1596 1278 1685 1314 Ful-

275 1353 358 1389 vius
401 1351 579 1395 Flaccus,
637 1352 687 1388 A.
725 1350 932 1386 Postumius
974 1351 1149 1388 Albinus.
1239 1349 1462 1386 Postumius
1505 1347 1684 1385 condidit.
1733 1363 1735 1365 ·

222 1423 228 1436 ‘
275 1421 401 1459 Censa
439 1430 527 1457 sunt
570 1420 708 1456 civium
743 1421 1005 1457 Romanorum
1046 1420 1174 1467 capita
1206 1417 1479 1456 CCLXVIIII
1516 1417 1622 1453 milia
1651 1423 1687 1452 et
1730 1466 1732 1472 γ

223 1494 242 1524 3
275 1492 368 1534 XV,
399 1491 522 1526 minor
553 1489 749 1536 aliquanto
782 1501 973 1534 numeruS,
1005 1489 1094 1537 quia
1125 1490 1170 1525 L.
1203 1488 1424 1524 Postumius
1455 1486 1586 1523 consul
1617 1497 1687 1534 pro
1730 1479 1731 1506 1

276 1560 450 1597 contione
498 1559 690 1604 edixerat,
739 1559 802 1606 qui
847 1559 991 1595 socium
1032 1559 1159 1594 Latini
1200 1557 1363 1593 nominis
1397 1569 1444 1592 ex
1484 1555 1606 1592 edicto
1645 1554 1688 1592 C.

277 1628 415 1666 Claudi
449 1628 613 1665 consulis
655 1628 780 1664 redire
816 1628 853 1664 in
892 1628 1066 1664 civitates
1105 1640 1194 1663 suas
1226 1627 1466 1670 debuissent,
1513 1638 1560 1661 ne
1605 1625 1690 1672 quis
1728 1655 1731 1670 .

279 1780 364 1804 cors
398 1774 435 1803 et
465 1780 485 1803 e
514 1779 556 1803 re
580 1767 734 1815 publica
763 1779 924 1803 censura
953 1766 1036 1804 fuit.
1102 1766 1265 1810 Omnes,
1310 1777 1406 1812 quos
1445 1770 1578 1801 senatu
1609 1776 1689 1800 mo·

279 1843 415 1873 verunt
446 1837 660 1884 quibusque
699 1849 819 1884 equos
850 1836 1092 1881 ademerunt,
1141 1835 1296 1871 aerarios
1325 1833 1497 1870 fecerunt
1526 1841 1563 1869 et
1591 1833 1691 1869 tribu
1727 1822 1733 1885 Ξ

230 1909 242 1915 ”
281 1914 501 1950 moverunt3
545 1918 669 1953 neque
707 1907 754 1942 ab
786 1906 906 1941 altero
937 1912 1110 1941 notatum
1142 1905 1238 1941 alter
1267 1904 1459 1952 probavit.
1531 1902 1692 1939 Fulvius
1726 1896 1731 1914 ³

281 1976 398 2012 aedem
431 1976 612 2012 Fortunae
641 1975 854 2022 Equestris,
886 1987 999 2022 quam
1031 1973 1238 2022 proconsul
1266 1973 1303 2008 in
1337 1971 1552 2020 Hispania,
1583 1970 1692 2006 dimi·
1727 1960 1731 1989 ⁴

282 2057 372 2082 cans
402 2057 486 2081 cum
519 2043 798 2081 Celtiberorum
830 2044 1065 2092 legionibuS,
1113 2048 1294 2087 voverat,
1337 2041 1446 2078 annis
1485 2053 1553 2076 sex
1594 2046 1693 2088 post,
1727 2033 1732 2051 ”

285 2202 303 2228 3
321 2199 476 2229 debuisse
492 2229 493 2240 ἶ
507 2199 659 2235 histibus,
672 2208 770 2238 snpra
783 2208 843 2228 scr.
854 2206 873 2227 0
895 2200 912 2226 5
929 2196 1058 2226 iuberet
1072 2185 1208 2234 dituque
1221 2195 1327 2225 multa
1344 2194 1375 2232 5,
1393 2198 1404 2224 l
1419 2193 1693 2234 suplicationem-

287 2276 349 2307 quc
369 2301 370 2304 Ἰ
386 2268 542 2298 absentes
558 2277 599 2297 ex
610 2266 750 2297 Pithoeus
776 2269 795 2296 3
814 2271 994 2306 praesentes
1015 2265 1159 2295 honores
1172 2263 1241 2304 My.
1256 2263 1407 2303 (honoris
1421 2262 1518 2303 Gryn.
1531 2265 1695 2302 praesente
1732 2270 1734 2281 ¹

285 2323 424 2354 honoris
443 2324 544 2363 125171.)
597 2324 629 2363 6,
658 2327 676 2353 2
703 2323 842 2362 aliquod
892 2326 910 2352 3
932 2321 1016 2352 redit
1039 2322 1137 2352 Gron.
1190 2319 1222 2357 7,
1247 2324 1263 2350 2
1284 2325 1390 2350 estate
1416 2318 1695 2359 incognoscendis
1723 2317 1731 2374 K]

289 2395 395 2433 {noua
412 2391 546 2431 quidem
593 2393 626 2428 ὅ,
643 2395 661 2421 2
689 2391 835 2422 lenatem
857 2390 861 2431 Ι
883 2390 1040 2421 aemilium
1078 2393 1098 2420 3
1117 2388 1216 2430 Gryn.
1233 2389 1358 2420 Poenus
1397 2391 1416 2418 4
1434 2398 1466 2428 p.
1483 2387 1614 2418 cluuius
1640 2374 1697 2417 cn·
1734 2400 1736 2402 ·

287 2447 587 2478 sieiniussicterum
656 2448 699 2485 X,
727 2448 760 2485 1,
797 2452 810 2479 l
847 2458 878 2488 q.
907 2447 995 2478 sulus
1021 2446 1156 2477 albinus
1188 2447 1375 2486 postumius
1401 2444 1552 2475 condidit
1578 2442 1694 2484 (Gryn.
1721 2473 1730 2499 t·

286 2505 325 2536 L.
354 2503 568 2541 Postumius3
598 2516 678 2535 corr.
708 2503 836 2546 δίψη.)
908 2505 942 2541 2,
973 2508 984 2535 1
1015 2513 1173 2535 ecnxuun
1199 2509 1232 2533 et
1260 2512 1306 2534 xu
1370 2502 1402 2540 3,
1429 2505 1448 2532 4
1475 2501 1568 2532 insus
1591 2501 1596 2541 Ι
1619 2509 1696 2531 con·
1721 2508 1731 2558 'a

287 2566 439 2593 serentur
514 2561 546 2598 4,
580 2565 598 2592 2
627 2568 766 2603 etserep.
804 2562 809 2602 1
844 2562 953 2593 omnis
1010 2565 1029 2592 3
1063 2560 1341 2601 quibusquequos
1374 2559 1550 2589 demetunt
1612 2556 1646 2595 5,
1678 2559 1726 2595 21

289 2629 463 2669 sequestris
521 2633 540 2659 3
576 2614 740 2661 uoiruerat
761 2630 767 2669 Ι
790 2640 896 2662 annos
924 2629 1084 2666 Lemnius,
1113 2628 1184 2670 My.
1211 2627 1284 2659 Em.
1312 2626 1391 2659 513.
1415 2629 1420 2666 Ι
1441 2635 1605 2668 posquam
1720 2620 1725 2648 ·¹

1719 2759 1723 2829 l

1718 2841 1728 2902 ἕ,
