1742 2902
178 868 224 902 10

179 1008 218 1042 11

147 1280 199 1324 60

318 126 390 159 106
659 119 762 150 Liber
785 117 895 148 XLII.
960 116 1022 156 (A.
1052 126 1082 146 u.
1112 125 1139 146 c.
1168 116 1266 155 583.)

257 242 423 291 equestri
454 241 588 288 proelio
618 252 699 283 rex,
729 251 851 287 parvo
870 245 1062 274 momento
1093 239 1123 274 si
1155 238 1400 282 adiuvissent,
1435 239 1663 277 debellatum

258 325 339 348 esse
369 313 554 353 clamaret,
585 315 798 356 opportune
829 308 1048 344 adhortanti
1079 309 1299 355 supervenit
1327 308 1518 356 phalanx,
1551 320 1663 355 quam

257 394 327 417 sua
357 386 517 426 sponte,
548 391 595 413 ne
625 378 761 413 audaci
797 385 921 426 coepto
953 378 1149 421 deessent-7
1181 377 1346 425 Hippias
1377 384 1415 413 et·
1448 365 1665 415 Leonnatus

256 449 394 497 raptim
429 448 688 492 adduxerant,
730 455 934 495 postquam
973 459 1157 495 prospere
1185 458 1376 495 pugnasse
1407 447 1570 494 equitem
1602 458 1666 483 ac-

258 524 450 567 ceperunt.
534 517 763 553 Fluctuante
802 528 902 565 rege
931 518 1029 553 inter
1064 529 1170 564 spem
1209 523 1427 563 metumque
1470 523 1584 551 tantae
1613 515 1667 553 rei

257 589 452 631 conandae,
485 586 678 623 Cretensis
709 586 903 630 Euander,
934 600 1010 635 quo
1042 586 1214 622 ministro
1241 586 1402 633 Delphis
1433 585 1481 621 ad
1510 585 1679 629 insidias,

257 657 421 694 Eumeni
457 656 538 704 regi
570 667 659 691 usus
691 662 793 701 erat,
831 664 1035 704 postquam
1069 668 1204 703 agmen
1237 655 1404 702 peditum
1436 654 1667 691 venientium

258 727 327 762 sub
358 726 476 774 signis
507 726 612 769 vidit,
645 725 693 760 ad
724 738 852 773 regem
885 726 1050 761 accurrit
1080 731 1116 760 et
1147 737 1301 760 monere
1332 725 1483 767 institit,
1513 737 1561 760 ne
1591 724 1668 760 ela-

256 803 316 831 tus
346 795 528 832 felicitate
561 807 749 830 summam
767 807 894 830 rerum
913 801 1053 830 temere
1084 795 1120 830 in
1152 807 1227 830 nou
1259 794 1511 830 neeessariam
1545 794 1667 830 aleam

257 866 376 903 daret.
437 864 478 900 Si
508 871 708 900 contentus
741 865 836 900 bene
865 877 906 900 re
936 871 1044 911 gesta
1075 864 1241 911 quiesset
1271 876 1315 900 eo
1347 864 1426 908 die,
1471 863 1531 899 vel
1563 863 1668 911 pacis

256 936 425 971 honestae
459 934 719 969 condicionem
751 934 968 969 habiturum
1001 933 1060 968 rel
1097 934 1280 981 plurimos
1311 933 1400 969 belli
1429 933 1574 977 socios,
1605 933 1668 980 qui

256 1005 449 1041 fortunam
493 1011 761 1051 sequerentun
806 1003 837 1039 si
878 1003 1020 1039 bellare
1058 1003 1200 1038 mallet.
1278 1004 1324 1039 In
1354 1003 1426 1038 hoe
1470 1002 1668 1038 eonsilium

255 1074 414 1122 pronior
442 1080 524 1109 erat
555 1074 704 1110 animus
733 1074 847 1121 regis.
898 1073 1035 1120 Itaque
1065 1072 1297 1108 conlaudato
1329 1073 1527 1117 Euandro,
1559 1073 1670 1120 signa

255 1143 388 1179 referri
432 1144 680 1191 peditumque
721 1156 858 1191 agmen
895 1143 1018 1179 redire
1061 1143 1099 1178 in
1140 1149 1267 1178 eastra
1305 1141 1429 1186 iubet,
1480 1142 1669 1189 equitibus

255 1213 424 1260 receptui
455 1224 604 1250 canere.

368 1280 550 1317 Cecidere
587 1294 632 1317 eo
672 1281 732 1316 die
771 1283 819 1317 ab
852 1283 1038 1318 Romanis
1076 1281 1227 1316 ducenti
1259 1281 1423 1328 equites,
1456 1281 1531 1316 duo
1563 1279 1669 1316 milia

255 1351 349 1386 haut
385 1350 509 1387 minus
545 1351 732 1398 peditum;
772 1350 872 1398 eapti
912 1349 983 1386 DC
1014 1349 1144 1385 ferme.
1216 1350 1277 1386 Ex
1308 1350 1422 1397 regiis
1453 1357 1578 1386 autem
1613 1349 1669 1385 vi-

256 1420 350 1467 ginti
382 1420 539 1467 equites,
571 1420 826 1467 quadraginta
858 1419 1004 1467 pedites
1033 1419 1233 1455 interfecti.
1279 1420 1491 1467 Postquam
1522 1418 1669 1454 rediere

254 1490 291 1525 in
335 1497 462 1526 eastra
498 1490 681 1534 vietores2
721 1500 852 1524 omnes
892 1489 1043 1536 quidem
1082 1489 1179 1533 laeti,
1221 1497 1308 1525 ante
1347 1489 1441 1524 alios
1472 1489 1666 1524 Thracum

255 1559 421 1594 insolens
451 1558 582 1594 loetitia
612 1559 823 1601 emittebam
854 1571 937 1594 eum
971 1566 1084 1594 cautu
1116 1560 1212 1595 enim
1237 1561 1432 1607 superfixa
1461 1558 1576 1593 hastis
1605 1569 1667 1593 ea-

257 1629 335 1677 pita
366 1629 531 1664 hostium
565 1635 760 1675 portantes
782 1628 986 1664 redierunt.
1033 1630 1141 1675 Aput
1162 1629 1359 1665 Romanos
1387 1640 1462 1662 non
1494 1626 1670 1662 maestitia

256 1705 403 1734 tantum
436 1711 482 1734 ex
515 1697 613 1733 male
643 1705 751 1745 gesta
784 1710 843 1741 re,
874 1698 940 1733 sed
972 1710 1096 1745 pavor
1125 1698 1238 1733 etiam
1272 1704 1365 1741 erat,
1399 1709 1446 1732 ne
1477 1695 1668 1744 extemplo

257 1776 385 1804 eastra
426 1767 546 1803 hostis
593 1767 876 1815 adgrederetur.
944 1767 1135 1803 Eumenes
1174 1768 1347 1811 suaderes
1391 1773 1429 1802 ut
1461 1773 1565 1801 trans
1596 1766 1670 1802 Pe·

257 1851 367 1873 neum
408 1836 631 1873 transferret
671 1845 818 1881 castra,
864 1842 903 1872 ut
938 1849 1008 1885 pro
1048 1837 1280 1872 munimento
1319 1849 1466 1872 amnem
1499 1837 1670 1880 haberet,

260 1909 347 1944 dum
379 1907 543 1956 perculsi
575 1907 711 1942 milites
736 1907 883 1942 animos
911 1907 1143 1954 colligerent.
1190 1906 1334 1943 Consul
1357 1905 1501 1942 moveri
1525 1905 1670 1953 flagitio

258 1978 406 2014 timoris
437 1977 602 2020 fatendi3
633 1977 756 2012 vietus
782 1983 908 2012 tamen
935 1977 1097 2021 ratione,
1119 1976 1267 2012 silentio
1293 1976 1414 2012 noetis
1440 1974 1670 2011 transductis

260 2158 290 2196 7,
302 2164 318 2188 2
331 2159 515 2190 attinuisset
527 2158 691 2191 ll'alchins
702 2160 704 2198 J
717 2159 923 2190 debellatum
935 2169 1007 2190 esse
1018 2164 1050 2190 ct
1061 2159 1175 2201 (Gryn.
1190 2160 1264 2190 (leb.
1280 2159 1381 2198 esset)
1394 2163 1582 2199 opportune
1598 2156 1668 2197 ils-q.

259 2215 409 2247 Emſjss
431 2217 586 2257 3palanx
614 2221 633 2246 4
647 2216 745 2258 (ἔφη.
764 2218 895 2247 deesset
920 2221 937 2247 5
955 2217 1139 2247 adduxerat
1165 2216 1196 2252 8,
1215 2219 1225 2246 1
1243 2216 1415 2246 fluctuanti
1429 2216 1498 2255 regi
1514 2215 1671 2254 {metum—

261 2283 324 2313 que
351 2283 389 2303 ac
418 2280 518 2304 tautae
569 2278 587 2304 3
615 2275 747 2304 eumeni
775 2275 862 2313 regis
895 2273 964 2314 My.
982 2275 1101 2315 (Gryn.
1124 2274 1285 2304 Eumenis
1304 2273 1409 2313 regis)
1436 2274 1440 2313 Ι
1463 2283 1541 2303 usus
1568 2269 1668 2311 usus!

261 2331 586 2371 agmeninpeditum
604 2332 747 2362 perizon.
813 2331 866 2367 10,
883 2335 901 2361 2
929 2331 1109 2362 honestaet
1131 2331 1362 2361 condicionem
1387 2332 1390 2370 Ι
1413 2331 1577 2371 plurimus
1617 2328 1670 2367 11,

262 2392 280 2419 2
320 2389 458 2428 prunior
527 2394 546 2419 4
585 2396 756 2420 canei-etre
832 2389 906 2426 LX,
933 2388 964 2426 1,
995 2393 1006 2419 l
1051 2399 1071 2419 11
1098 2389 1178 2419 haut
1243 2392 1260 2418 2
1302 2389 1388 2428 capti
1423 2398 1462 2418 ac
1494 2386 1599 2418 ferme
1634 2396 1672 2417 co

261 2446 392 2484 equites
420 2445 491 2486 sssy.
520 2446 591 2477 Em.
619 2446 687 2477 54‘4'
725 2446 842 2487 (Gr-yn.
877 2447 965 2487 capti
992 2445 1095 2477 ferme
1132 2456 1168 2477 cc
1207 2447 1351 2486 equites)
1386 2446 1390 2484 Ι
1421 2445 1510 2484 regis
1575 2444 1616 2481 2,
1652 2447 1670 2474 2

262 2503 320 2534 lati
371 2507 390 2533 3
418 2503 569 2533 minabat
592 2506 594 2543 Ι
619 2505 785 2544 superfixa
813 2504 923 2544 capita
957 2503 1054 2535 Gron.
1106 2504 1138 2541 3,
1167 2508 1186 2534 3
1223 2504 1332 2536 Weiss.
1352 2502 1522 2533 Eumenes
1541 2501 1672 2533 consuli

262 2562 420 2599 suffllere3
447 2567 475 2591 et
499 2567 554 2591 aut
576 2561 620 2591 sic
641 2560 835 2592 scribendum
851 2567 907 2592 aut
924 2563 1004 2599 (cum
1023 2561 1150 2593 Roe'llio
1159 2562 1188 2601 52)
1208 2560 1430 2592 transferrent
1450 2577 1490 2582 —
1510 2559 1674 2591 haberent

265 2618 268 2659 j
297 2629 450 2660 paeneum
499 2623 517 2648 4
546 2629 676 2650 manem
