1742 2902
121 266 147 310 6

191 1179 211 1212 0!

174 2092 219 2127 10

290 155 312 188 6
659 150 760 180 Liber
784 148 875 180 XLI.
929 148 988 187 (A.
1015 158 1047 179 u.
1077 158 1105 179 c.
1134 148 1231 188 576.)

344 272 488 309 Sedato
527 271 680 307 tandem
712 271 880 307 Histrico
921 272 1105 315 tumultu,
1136 278 1290 308 senatus
1321 273 1533 308 consultum
1563 272 1646 309 fac-

231 348 311 379 tum
357 350 435 384 est,
480 348 521 376 ut
557 341 731 377 consules
770 341 867 377 inter
895 352 936 377 se
972 348 1264 389 compararent,
1303 349 1386 378 uter
1424 353 1554 377 eorum
1596 341 1645 377 ad

233 411 388 448 comitia
429 410 606 446 habenda
645 412 807 447 Romam
853 412 1003 447 rediret.
1080 410 1176 448 Cum
1219 412 1414 447 absentem
1461 410 1647 446 Manlium

234 481 374 517 tribuni
415 480 536 528 plebis
573 482 623 517 A.
659 481 825 517 Licinius
867 481 1001 516 Nerva
1041 488 1078 516 et.
1118 479 1160 517 C.
1196 481 1375 528 Papirius
1416 480 1571 516 Turdus
1610 480 1650 516 in

235 550 476 586 contionibus
501 550 712 586 lacerarent
739 550 1058 598 rogationemque.
1084 550 1386 597 promulgarent,
1413 562 1459 586 ne
1482 550 1650 586 Manlius

235 628 321 668 post
355 619 439 655 idus
464 620 626 655 Martias
652 622 886 667 (prorogatae
913 631 1079 666 namque
1101 619 1321 655 consulibus
1345 619 1420 654 iam
1448 620 1484 655 in
1509 632 1649 656 annum

236 689 443 738 provinciae
473 691 598 735 erant)
629 689 827 736 imperium
860 688 1060 732 retineret,
1092 688 1144 723 uti
1176 700 1331 723 causam
1368 689 1561 737 extemplo
1594 689 1651 725 di·

237 771 335 802 cere,
366 771 450 794 cum
483 759 625 794 abisset
655 759 895 805 magistratu,
926 764 1075 806 posset,
1105 758 1192 793 huic
1221 758 1413 805 rogationi
1445 759 1492 806 Q.
1523 759 1653 796 AElius

239 828 387 875 collega
417 828 649 872 intercessit,
681 828 906 876 magnisque
936 827 1243 863 contentionibus
1273 828 1456 873 obtinuit,
1492 841 1539 865 ne
1568 842 1654 877 per-

239 897 414 935 ferretur.
462 900 539 935 Per
567 912 633 935 eos
664 899 744 934 dies
771 898 831 935 Ti.
857 896 1106 944 Sempronius
1138 896 1340 933 Gracchus
1371 904 1407 932 et
1439 898 1482 934 L.
1514 899 1654 934 Postu-

240 969 338 1005 mins
367 969 531 1005 Albinus
573 981 619 1004 ex
651 969 842 1016 Hi>pania
872 970 1034 1004 Romam
1076 979 1159 1002 cum
1193 966 1460 1010 revertissent,
1501 974 1655 1003 senatus

239 1039 286 1074 iis
309 1051 331 1074 a
354 1039 404 1074 M.
422 1039 566 1074 Titinio
591 1047 752 1087 praetore
779 1039 889 1073 datus
913 1044 965 1073 est
989 1038 1025 1073 in
1051 1037 1132 1072 aede
1151 1036 1318 1072 Bellonae
1343 1037 1390 1071 ad
1417 1037 1657 1073 disserendas

242 1121 327 1154 res,
369 1121 466 1155 quas
495 1109 722 1156 gessissent,
765 1108 1134 1156 postulandumque,
1174 1107 1297 1142 honos
1329 1107 1484 1142 meritus
1515 1115 1556 1142 ut.
1585 1106 1657 1142 diis

243 1179 526 1215 immortalibus
556 1179 771 1216 haberetur.
825 1178 970 1214 Eodem
1002 1185 1175 1224 tempore
1206 1183 1243 1211 et
1272 1176 1308 1212 iu
1341 1176 1520 1213 Sardinia
1552 1187 1658 1224 mag-

243 1261 333 1284 num
366 1248 567 1284 tumultum
601 1260 704 1291 esse,
736 1248 868 1283 litteris
898 1248 946 1283 T.
979 1247 1116 1283 AEbuti
1155 1246 1329 1293 praetoris
1361 1245 1554 1292 cognitum
1590 1250 1660 1289 est,

246 1333 343 1368 quas
374 1319 472 1355 filius
502 1319 582 1354 eius
610 1318 658 1353 ad
685 1326 856 1353 senatum
886 1316 1078 1353 attulerat.
1124 1316 1295 1359 Ilienses,
1325 1314 1513 1351 adiunctis
1545 1313 1661 1349 Bala-

245 1404 375 1428 rorum
402 1389 566 1432 auxiliis,
592 1397 769 1436 pacatam
798 1386 1033 1435 provinciam
1059 1386 1293 1426 invaserant,
1322 1397 1390 1420 nec
1413 1383 1467 1419 eis
1491 1382 1660 1418 invalido

247 1461 416 1498 exercitu
459 1468 496 1495 et
527 1470 663 1507 magna
696 1465 805 1506 parte
841 1457 1056 1505 pestilentia
1087 1454 1291 1502 absumpto
1334 1453 1458 1489 resisti
1499 1458 1661 1501 poterat.

247 1532 396 1569 Eadem
437 1537 473 1565 et
510 1528 720 1565 Sardorum
765 1526 881 1573 legati
924 1526 1173 1568 nuntiabant,
1217 1532 1392 1567 orantes,
1430 1530 1469 1558 ut
1506 1523 1663 1558 urbibus

248 1602 382 1638 saltem
416 1600 508 1645 (iam
540 1598 637 1633 enim
675 1609 790 1645 agros
821 1596 1041 1644 deploratos
1073 1599 1171 1636 esse)
1205 1606 1315 1642 opem
1347 1599 1502 1628 senatus
1534 1591 1663 1627 ferret.

248 1672 344 1708 Haec
366 1669 508 1717 legatio
535 1675 746 1714 totumque,
773 1666 874 1713 quod
899 1666 946 1701 ad
973 1665 1190 1701 Sardiniam
1217 1663 1445 1711 pertinebat,
1470 1661 1517 1697 ad
1541 1673 1663 1697 novos

251 1741 496 1789 magistratus
527 1738 705 1773 reiectum
738 1745 806 1771 est.
864 1736 995 1782 ilique
1026 1734 1250 1769 miserabilis
1279 1732 1420 1780 legatio
1448 1731 1665 1780 Lyciorum,

250 1811 313 1858 qui
345 1809 607 1845 crudelitatem
641 1806 900 1847 Rhodiorum,
941 1805 1079 1850 quibus
1113 1804 1161 1838 ab
1197 1803 1238 1838 L.
1272 1801 1451 1838 Cornelio
1485 1800 1665 1847 Scipione

251 1880 423 1917 attributi
455 1886 585 1921 erant,
619 1877 896 1924 querebantur:
942 1873 1078 1908 Fuisse
1107 1885 1145 1907 se
1179 1873 1249 1907 Sub
1281 1871 1431 1907 dicione
1461 1870 1664 1913 Anum—1¹13

251 1963 334 1986 eam
357 1949 501 1997 regiam
528 1947 763 1989 servitutem,
787 1945 964 1979 collatam
987 1956 1071 1978 cum
1097 1941 1273 1990 praesenti
1299 1948 1414 1982 statu,
1440 1939 1664 1988 praeclaram

250 2019 464 2055 libertatem
496 2017 631 2052 visam.
690 2016 780 2052 Non
816 2013 966 2062 publice
996 2020 1142 2048 tantum
1175 2023 1215 2047 se
1245 2011 1364 2059 premi
1395 2009 1568 2057 imperiO,
1598 2008 1665 2044 sed

251 2088 422 2136 singulos
462 2087 602 2122 iustum
646 2085 725 2133 pati
767 2084 975 2120 servitium.
1052 2083 1185 2130 Ipsos,
1231 2080 1411 2128 coniuges
1448 2079 1666 2125 liberosque

251 2158 406 2200 vexari3
438 2157 472 2192 in
504 2168 665 2204 corpus,
696 2155 733 2190 in
765 2163 911 2202 tergum
943 2152 1087 2195 saeviri;
1130 2150 1297 2192 famam,
1336 2149 1436 2197 quod
1469 2148 1666 2195 indignum

252 2227 312 2271 sit,
343 2226 527 2262 maculari
558 2224 899 2272 dehonestat-ique,
944 2229 980 2258 et
1011 2221 1140 2270 palam
1170 2233 1230 2256 res
1257 2219 1412 2255 odiosas
1442 2217 1544 2259 fieri,
1574 2215 1666 2252 iuris

252 2437 314 2474 VI,
340 2437 372 2474 2,
400 2441 417 2467 2
446 2437 503 2467 Tr.
530 2436 574 2476 pl.
601 2436 753 2466 Licinius
766 2434 835 2475 δίῃ.
873 2433 907 2472 4,
939 2437 950 2464 1
981 2433 1021 2463 T.
1050 2433 1146 2463 Frob.
1174 2432 1222 2463 II.
1251 2436 1269 2462 3
1289 2432 1388 2462 datus
1407 2431 1438 2461 in
1453 2429 1524 2470 My.
1552 2432 1572 2459 4
1597 2434 1626 2459 et
1647 2431 1665 2459 5

251 2495 541 2537 postulandosque
568 2493 713 2522 honoros
741 2493 894 2528 meritos,
934 2497 991 2522 ut.
1011 2514 1018 2521 .
1039 2514 1046 2521 .
1063 2491 1243 2520 haberetur
1260 2490 1378 2519 honos.
1400 2487 1470 2528 My.
1489 2486 1561 2518 Em.
1582 2483 1664 2516 496.

254 2553 317 2589 5,2
335 2552 373 2582 Τ.
401 2551 528 2581 Ebutii.
579 2550 612 2588 9,
644 2553 653 2580 1
687 2550 804 2580 Fuisse
831 2549 891 2579 sub
918 2548 1083 2579 Drakenb.
1127 2551 1146 2577 3
1174 2546 1312 2586 publico
1337 2544 1461 2575 Duker.
1502 2548 1521 2573 4
1541 2543 1668 2573 iustum

253 2614 432 2649 corruptum
466 2606 606 2643 videtur,
646 2606 707 2636 nisi
739 2604 858 2636 excidit
890 2617 951 2636 vox
983 2604 1094 2646 aliqua
1129 2604 1234 2644 (velut
1258 2601 1409 2641 iustum).
1462 2600 1516 2638 10,
1536 2603 1548 2630 l
1567 2599 1668 2630 servi-

253 2666 357 2696 tium:
407 2665 512 2695 iustos
539 2664 701 2703 coniuges
737 2663 846 2695 tt'eiss.
