1796 2929
511 116 614 147 Liber
640 114 768 146 XLIII.
827 116 888 153 (A.
919 115 996 149 Chr.
1029 115 1122 156 169.)
1397 119 1468 153 133

121 246 159 274 et
174 239 227 275 uti
243 238 471 287 supplicatio
501 240 620 282 fieret,
645 239 846 286 cunctique
877 239 1124 286 magistratus
1154 239 1255 275 circa
1285 238 1413 274 omnia
1442 237 1525 286 pul-

119 308 270 344 vinaria
300 308 475 344 victumis
513 308 721 344 maioribus
762 307 1022 344 sacrificarent
1050 307 1291 355 populusque
1321 314 1526 343 coronatus

117 384 228 413 esset.
292 376 445 420 Omnia,
470 377 524 412 uti
553 377 757 413 decemviri
788 377 1003 424 praeierunt,
1033 376 1150 414 sacta.

228 445 460 482 Censoribus
491 446 626 482 deinde
667 447 841 482 creandis
880 446 1034 482 comitia
1075 447 1198 482 edicta
1236 454 1331 483 sunt.
1398 446 1524 482 Petie-

115 523 203 551 runt
244 527 442 551 censuram
482 515 672 564 principes
714 516 900 560 civitatis,
941 514 984 552 C.
1015 515 1196 552 Valerius
1237 515 1435 560 Laevinus,
1478 515 1524 551 L.

116 585 339 620 Postumius
377 584 565 630 Albinus,
612 586 655 622 P.
686 586 838 621 Mucius
869 584 1067 629 Scaevola,
1112 586 1166 620 M.
1199 585 1331 621 Iunius
1372 585 1525 629 Brutus,

115 653 158 691 C.
192 652 375 690 Claudius
405 654 590 699 Pulcher,
635 655 696 691 Ti.
732 655 980 703 Sempronius
1020 654 1232 692 Gracchus.
1297 655 1382 690 Hos
1430 654 1526 690 duos

114 735 291 760 censores
332 724 476 760 creavit
517 724 681 772 populus
728 726 938 762 Romanus.
1015 723 1110 761 Cum
1157 724 1314 760 dilectus
1360 723 1525 759 habendi

114 793 240 829 maior
287 805 400 840 quam
442 793 537 828 alias
583 800 741 841 propter
777 794 1069 830 Macedonicum
1109 794 1248 829 bellum
1286 805 1378 829 cura
1415 799 1524 838 esset,

117 862 296 898 consules
326 862 474 910 plebem
508 869 601 910 aput
630 871 803 899 senatum
835 865 1088 907 accusabant,
1117 863 1217 910 quod
1253 861 1327 912 [et]
1359 863 1526 899 iuniores

112 945 187 968 non
218 932 503 980 responderent.
565 932 765 968 Adversus
806 944 902 980 quos
941 931 982 970 C.
1016 933 1207 980 Sulpicius
1251 939 1288 968 et
1321 933 1376 970 M.
1408 931 1526 968 Clau-

113 1001 196 1038 dius
229 1009 413 1050 praetores
443 1002 564 1050 plebis
596 1013 750 1038 causam
795 1010 964 1050 egerunt.
1044 1002 1136 1038 Non
1173 1001 1413 1045 consulibus,
1458 1000 1525 1036 sed

116 1071 327 1107 ambitiosis
373 1071 591 1108 consulibus
631 1071 809 1107 dilectum
850 1070 1043 1107 difficilem
1090 1082 1190 1115 esse3
1235 1070 1424 1106 neminem
1469 1070 1526 1105 in-

112 1142 232 1178 vitum
268 1141 424 1177 militem
458 1142 506 1177 ab
539 1142 584 1177 iis
613 1142 708 1179 fieri.
772 1141 820 1177 Id
852 1148 892 1177 ut
922 1141 975 1176 ita
1006 1152 1088 1176 esse
1117 1140 1258 1176 scirent
1290 1137 1364 1188 [et]
1397 1146 1526 1187 patres

114 1212 334 1260 conscripti,
367 1219 563 1259 praetores,
596 1212 732 1259 quibus
761 1218 797 1247 et
827 1211 884 1246 vis
914 1210 1064 1259 imperii
1095 1210 1219 1246 minor
1249 1216 1285 1245 et
1318 1209 1527 1245 auctoritas

114 1287 225 1325 esset,
261 1280 451 1325 dilectum,
485 1281 517 1317 si
545 1280 600 1317 ita
630 1281 780 1317 senatui
813 1281 1018 1323 videretur,
1051 1279 1291 1328 perfecturos
1321 1291 1416 1317 esse.
1481 1278 1528 1314 Id

114 1350 340 1397 praetoribus
367 1362 509 1399 magna
526 1358 676 1398 patrum
697 1351 889 1395 voluntate,
920 1362 996 1385 non
1027 1350 1108 1385 sine
1138 1348 1407 1397 suggillatione
1437 1361 1527 1385 con-

111 1419 248 1463 sulum,
280 1419 501 1455 mandatum
534 1428 601 1455 est.
667 1419 868 1463 Censores,
899 1427 940 1455 ut
970 1431 1055 1455 eam
1085 1432 1163 1455 rem
1196 1419 1444 1462 adiuvarent,
1473 1419 1528 1454 ita

114 1489 152 1524 in
183 1489 360 1525 contione
391 1489 607 1525 edixerunt:
658 1489 799 1537 Legem
833 1489 962 1525 censui
996 1489 1184 1525 censendo
1224 1488 1391 1524 dicturos
1431 1500 1526 1534 esse,

113 1564 152 1594 ut
182 1564 320 1607 praeter
350 1571 551 1595 commune
581 1559 747 1594 omnium
781 1558 920 1594 civium
950 1559 1008 1594 ius
1029 1558 1231 1594 iurandum
1262 1558 1342 1593 haec
1374 1558 1525 1594 adiura-

112 1635 213 1664 rent:
275 1629 362 1672 „Tu
409 1628 534 1664 minor
579 1629 688 1664 annis
732 1640 801 1664 sex
849 1636 885 1665 et
914 1629 991 1664 XL
1034 1641 1095 1673 es,
1144 1635 1260 1675 tuque
1310 1641 1358 1664 ex
1402 1628 1526 1664 edicto

114 1696 158 1734 C.
194 1696 355 1743 Claudi,
395 1698 454 1736 Ti.
487 1698 691 1747 Semproni
729 1710 930 1735 censorum
976 1698 1026 1734 ad
1072 1697 1251 1733 dilectum
1286 1698 1448 1746 prodisti
1478 1707 1526 1743 et,

113 1767 455 1816 quotienscumque
500 1768 659 1804 dilectus
700 1769 793 1813 erit,
838 1780 923 1805 cum
962 1768 1001 1804 hi
1042 1779 1218 1803 censores
1259 1768 1525 1816 magistratum

113 1837 321 1883 habebunt,
352 1838 384 1873 si
415 1838 521 1874 miles
551 1837 675 1874 factus
692 1850 768 1873 non
785 1838 871 1884 eris,
901 1839 939 1874 in
956 1838 1133 1874 dilectum
1157 1836 1382 1885 prodibis?‘'·
1415 1838 1526 1883 Item,

110 2047 142 2086 8,
173 2052 192 2078 3
219 2047 334 2078 Duker
362 2052 605 2088 praeceperunt.
633 2045 746 2076 Potius
769 2052 1002 2087 praeceperant
1066 2046 1162 2083 XIV,
1192 2045 1223 2083 1,
1255 2048 1273 2075 2
1308 2045 1441 2076 leuinus
1506 2049 1524 2076 3

115 2114 143 2136 e.
183 2105 295 2136 iunius
334 2104 445 2146 Siyon.
508 2108 527 2134 4
567 2103 685 2144 pulcer
713 2109 716 2142 Α
745 2110 767 2133 t.
806 2104 1016 2144 scmpronius
1055 2102 1121 2134 Ed.
1166 2102 1264 2133 Frob.
1301 2101 1350 2133 II.
1397 2102 1464 2142 (hic
1499 2109 1528 2133 et

117 2163 245 2203 postea)
296 2162 328 2200 2,
357 2166 375 2192 2
403 2161 615 2193 macedonici
639 2160 719 2191 belli
745 2171 859 2191 curam
887 2170 959 2192 esse
1015 2165 1033 2191 3
1067 2166 1100 2191 et
1132 2160 1254 2191 notavit
1293 2158 1409 2198 Gron.;
1450 2159 1524 2191 Em.

116 2219 186 2251 555
235 2219 267 2258 3,
298 2223 311 2250 1
338 2218 436 2262 Gryn.
465 2218 628 2250 Claudius
661 2218 785 2248 tribuni
818 2218 936 2259 plebis.
993 2217 1144 2249 Errorem
1169 2223 1310 2248 senserat
1327 2217 1526 2249 Perizonius.

119 2281 139 2307 4
167 2277 210 2307 ab
235 2277 263 2308 is
327 2276 359 2313 4,
391 2281 404 2307 1
433 2277 467 2307 id
493 2282 530 2307 ut
554 2277 600 2307 ita
625 2282 662 2306 ut
687 2285 760 2307 esse
787 2275 919 2317 Kreyss.
961 2275 1081 2317 (Gryn.
1109 2276 1141 2306 id
1167 2276 1213 2305 ita
1240 2275 1292 2315 ut)
1323 2277 1327 2315 Ι
1350 2281 1383 2306 et
1407 2276 1529 2306 notavit

119 2332 192 2375 qu.
220 2333 293 2365 Em.
317 2334 387 2365 555
409 2335 414 2373 l
435 2340 549 2375 patres
576 2343 603 2364 c,
631 2332 728 2372 (Non
757 2339 835 2364 recte
859 2333 974 2374 scripsi
996 2333 1069 2364 Em.
1097 2332 1167 2363 555
1194 2333 1375 2374 conscripti
1399 2334 1526 2374 omitti.)

115 2394 135 2421 2
161 2396 322 2431 praetores
350 2397 384 2422 et
409 2391 530 2431 quibus
556 2392 607 2422 uis
656 2390 688 2428 5,
715 2395 732 2421 2
759 2397 893 2431 patrum
920 2400 988 2421 non
1015 2391 1086 2421 sine
1133 2389 1206 2432 My.
1241 2389 1410 2421 Lacunam
1436 2396 1526 2421 nota-

120 2454 210 2479 verat
224 2446 334 2489 Sz‘yon.
369 2449 440 2479 4in
465 2449 657 2479 contionem
683 2449 872 2479 eduxerunt
919 2448 950 2486 6,
970 2452 983 2479 1
1000 2458 1048 2480 xx.
1061 2454 1220 2488 estusque
1269 2451 1287 2478 2
1315 2454 1338 2479 t.
1358 2449 1527 2488 semproni

122 2506 125 2545 j
153 2505 278 2546 proditi
306 2511 339 2536 et
363 2505 435 2547 My.
462 2505 535 2537 Em.
559 2505 630 2537 555
655 2505 776 2548 (Gryn.
803 2506 952 2546 prodito:
979 2507 1024 2546 et)
1081 2509 1100 2536 3
1132 2506 1194 2536 erit
1220 2514 1293 2545 quae
1326 2505 1361 2536 hi
1394 2504 1527 2536 Ursinus

114 2560 236 2604 (Gryn.
275 2573 375 2603 quem
406 2563 462 2594 hic
496 2573 654 2595 censores
681 2563 928 2605 magistratum)
986 2568 1006 2594 4
1034 2564 1068 2594 in
1100 2564 1225 2594 dilectu
1252 2560 1361 2604 Siyon.
1386 2562 1526 2603 'proui-

113 2619 207 2650 debis
257 2618 288 2658 7,
313 2622 326 2650 1
355 2620 402 2651 ite

1559 239 1579 275 8

1557 727 1578 762 [Q

1560 1283 1580 1316 Οἱ

1586 442 1636 488 14
