1742 2902
456 126 561 157 Liber
585 125 694 157 XLII.
740 125 803 163 (A.
832 123 912 156 Chr.
945 124 1039 164 171.)
1330 127 1399 160 107

0 279 2 289 ,
54 251 193 299 copiis,
232 256 359 285 castra
389 249 426 284 in
457 250 636 285 ulteriore
667 249 752 296 ripa
781 248 1038 284 eommunivit.
1099 248 1183 283 Rex
1213 252 1368 293 postero
1401 244 1461 280 die

0 319 1 323 ’
54 321 102 357 ad
131 319 372 354 lacessendos
403 319 536 366 proelio
568 319 695 354 hostes
727 330 976 365 progressus,
1007 324 1211 364 postquam
1241 323 1345 350 trans
1377 326 1460 349 am-

53 401 136 426 nem
168 388 205 423 in
237 394 317 422 tuto
350 388 477 434 posita
507 395 633 423 castra
655 387 938 431 animadvertit,
968 387 1160 422 fatebatur
1191 384 1342 432 quidem
1374 394 1463 430 pec-

0 506 1 509 *
53 466 191 501 catum,
224 457 325 504 quod
349 457 470 504 pridie
496 469 571 491 non
598 457 795 492 institisset
815 457 945 500 victis3
975 457 1041 492 sed
1063 456 1260 502 aliquanto
1279 453 1462 488 maiorem

53 528 202 575 culpam
236 539 339 570 esse,
382 526 484 573 quod
522 533 633 561 nocte
663 526 763 562 foret
793 533 992 562 cessatum.
1057 526 1172 568 Nam,
1204 530 1243 559 ut
1274 522 1462 557 neminem

53 597 165 634 alium
195 608 350 631 suorum
383 603 576 640 moveret,
621 596 695 631 levi
735 604 932 632 armatura
969 595 1148 639 inmissa,
1191 592 1462 639 trepidantium

51 667 88 703 in
118 666 278 701 transitu
300 665 464 701 fluminis
494 666 659 701 hostium
691 666 808 701 deleri
838 677 980 713 magna
1011 677 1057 700 ex
1088 672 1198 712 parte
1228 661 1360 709 copias
1390 672 1463 708 po-

51 736 177 773 tuisse.
238 735 423 771 Romanis
447 736 598 782 quidem
630 747 796 782 praesens
826 748 949 782 pavor
980 735 1128 770 demtus
1160 740 1262 776 erat,
1304 731 1343 766 in
1381 737 1462 765 tuto

53 813 177 842 castra
203 805 450 848 habentibus3
481 805 661 840 damnum
693 805 790 840 inter
819 813 946 840 cetera
970 804 1160 852 praecipue
1189 802 1303 838 famae
1334 812 1463 836 move-

53 876 129 912 bat.
186 875 238 911 Et
267 875 305 909 in
335 875 493 910 consilio
525 881 618 922 aput
650 873 842 909 consulem
872 886 942 921 pro
975 885 1016 908 se
1047 873 1207 920 quisque
1238 872 1276 907 in
1308 869 1465 906 AEtolos

54 944 300 982 conferebant
331 955 506 979 eausam:
539 944 586 978 ab
617 943 662 978 iis
683 943 783 990 fugae
809 943 1042 989 terrorisque
1068 942 1295 989 principium
1323 947 1465 982 ortum;

0 1026 2 1038 ’
54 1021 202 1051 secutos
246 1026 430 1061 pavorem
463 1012 685 1049 AEtolorum
725 1019 759 1048 et
797 1020 944 1048 ceteros
985 1012 1109 1047 socios
1141 1011 1367 1047 Graecorum
1397 1021 1466 1056 po-

53 1083 243 1131 pulorum.
311 1083 489 1129 Quinque
519 1082 709 1130 principes
738 1081 975 1125 AEtolorum,
1007 1081 1071 1128 qui
1100 1080 1213 1128 primi
1243 1088 1352 1127 terga
1381 1091 1467 1114 ver-

54 1159 174 1188 tentes
217 1152 410 1199 conspecti
443 1152 679 1197 dicebantur,
709 1152 864 1187 Romam
894 1153 1005 1186 missi.
1071 1150 1250 1187 Thessali
1280 1161 1350 1197 pro
1378 1160 1467 1184 con-

0 1250 1 1253 *
54 1222 156 1258 tione
186 1222 344 1265 laudati,
375 1222 566 1269 ducesque
597 1234 727 1258 eorum
760 1222 873 1257 etiam
907 1221 1056 1256 virtutis
1087 1232 1205 1256 eausa
1238 1219 1381 1255 donati.

196 1293 261 1329 Ad
307 1303 435 1338 regem
486 1291 609 1339 spolia
657 1304 841 1327 caesorum
879 1291 1045 1327 hostium
1089 1290 1373 1332 referebantur3
1421 1297 1494 1323 ex*

55 1361 113 1398 his
160 1361 243 1397 aliis
293 1373 401 1396 arma
449 1360 632 1407 insignia,
681 1361 764 1397 aliis
821 1373 961 1408 equos,
1009 1359 1238 1407 quibusdam
1294 1357 1468 1405 captivos

57 1432 156 1467 dono
188 1431 316 1466 dabat.
386 1430 505 1467 Scuta
544 1438 652 1466 erant
691 1443 809 1478 supra
841 1431 945 1475 MD3
985 1431 1112 1466 loricae
1142 1430 1396 1474 thoracesque
1426 1427 1470 1462 M

57 1500 218 1548 amplius
249 1512 437 1535 summam
470 1499 696 1547 explebant3
743 1500 940 1548 galearum
982 1501 1277 1547 gladiorumque
1314 1505 1351 1533 et
1383 1497 1466 1532 mis-

57 1569 179 1606 silium
212 1570 334 1605 omnis
365 1570 514 1617 generis
546 1570 668 1605 maior
699 1570 895 1617 aliquanto
926 1582 1119 1606 numerus.
1195 1570 1302 1612 Haec,
1332 1580 1401 1615 per
1431 1579 1471 1602 se

59 1640 185 1688 ampla
209 1640 484 1688 praeclaraque,
515 1639 766 1687 multiplicata
788 1639 913 1675 verbis
934 1638 1048 1686 regis,
1077 1650 1159 1685 quae
1184 1639 1233 1674 ad
1255 1637 1469 1673 contionem

59 1718 197 1746 vocato
230 1710 398 1746 exercitu
437 1710 590 1745 habuit:
626 1710 946 1754 „Praeiudieatum
981 1717 1158 1744 eventum
1190 1708 1279 1744 belli
1307 1706 1468 1743 habetis.

59 1778 260 1815 Meliorem
293 1787 441 1827 partein
473 1774 660 1824 hostium,
692 1781 901 1828 equitatum
933 1781 1175 1823 Romanum,
1205 1791 1280 1826 quo
1311 1777 1472 1812 invictos

61 1859 101 1885 se
130 1861 212 1885 esse
242 1849 520 1897 gloriabantur,
546 1848 710 1889 fudistis.
770 1850 931 1898 Equites
962 1850 1061 1886 enim
1091 1849 1164 1885 illis
1195 1848 1385 1897 principes
1416 1846 1472 1882 iu-

61 2028 94 2067 4,
120 2034 140 2061 3
168 2032 368 2062 communiri
396 2032 467 2073 My.
498 2032 619 2074 (Gryn.
648 2033 851 2072 communit)
902 2033 1045 2070 5,1rex
1070 2042 1115 2062 ex
1139 2039 1274 2072 postero
1325 2035 1344 2060 4
1378 2028 1475 2065 Quin-

63 2098 120 2128 que
141 2089 253 2129 primoe
278 2088 387 2120 litterae
413 2090 498 2121 vocis
522 2092 647 2131 pridie,
686 2103 755 2132 quae
785 2091 896 2132 prz'mae
921 2097 992 2121 sunt
1013 2089 1096 2131 folii
1127 2089 1170 2120 7⁴2
1197 2089 1293 2126 cersi,
1333 2085 1477 2118 ccam'doe

65 2143 126 2186 leyi
149 2157 209 2177 non
232 2154 363 2187 possunt
385 2154 389 2187 ι
411 2149 614 2180 instituisset
669 2150 701 2187 6,
730 2153 748 2180 3
775 2149 950 2179 fluminum
1002 2148 1032 2185 7,
1065 2152 1078 2178 1
1108 2148 1142 2177 in
1169 2154 1238 2177 toto
1289 2151 1306 2176 2
1336 2146 1476 2175 datnum

68 2199 72 2241 Ι
98 2205 274 2245 praecipuae
299 2205 386 2236 fame
447 2206 480 2244 8,
511 2211 523 2236 l
555 2208 710 2238 consules
761 2211 779 2238 2
808 2217 910 2238 causa
972 2206 1004 2243 9,
1037 2210 1048 2236 l
1079 2207 1120 2235 ab
1147 2207 1174 2236 is
1224 2209 1242 2235 2
1271 2210 1402 2235 secutus
1457 2206 1477 2231 4

66 2259 262 2292 dicebantur
289 2263 427 2294 thessali
460 2264 627 2295 Lacunam
657 2264 738 2306 κρῖ.
756 2264 888 2307 Κνεμεε.
916 2276 931 2294 e
949 2263 1060 2304 Polyb.
1079 2261 1245 2299 XXVII,
1260 2260 1315 2299 13,
1333 2260 1476 2301 Appiam.

67 2315 199 2350 Maced.
226 2319 283 2351 10.
313 2319 435 2362 (Gryn.
462 2322 657 2352 AEtolorum
685 2323 783 2363 primi
813 2341 852 2345 —
880 2321 1106 2361 dicebantur.)
1153 2320 1246 2357 LXI⁷
1262 2320 1292 2356 1,
1312 2323 1325 2349 1
1356 2318 1479 2348 refere-

67 2374 187 2407 bantur
213 2378 302 2408 dona
324 2387 366 2407 ex
392 2379 443 2409 his
466 2378 633 2411 Drakenb.
663 2380 816 2422 (Kreyss.
833 2380 949 2410 Donat
975 2389 1017 2409 ex
1043 2379 1094 2410 his
1122 2396 1161 2401 -
1191 2388 1314 2418 equos3
1341 2376 1479 2417 quibus-

1030 2432 1049 2448 u

70 2457 159 2498 darn)
210 2463 228 2489 2
257 2469 350 2490 arma
377 2461 525 2500 insigilia
550 2461 672 2501 aliquis
699 2463 886 2503 quib.dam
927 2466 945 2491 3
973 2463 1072 2492 domo
1100 2461 1362 2507 dabantjsupra
1390 2465 1479 2487 ‘oca'

73 2514 78 2556 Ι
107 2517 319 2558 ·oe·amplius
359 2522 378 2548 4
404 2519 556 2558 gladioq.
607 2519 640 2556 3,
672 2525 684 2551 l
714 2531 773 2561 per
799 2529 835 2550 se
860 2519 1084 2560 ampleraquae
1110 2518 1334 2559 multiplicata
1362 2513 1479 2555 (Vahl.

71 2574 298 2617 ampletaque)
326 2575 398 2617 ssly.
425 2576 498 2608 Em.
515 2577 584 2608 545
611 2578 726 2620 (Gryn.
754 2588 814 2619 per
839 2588 874 2609 se
899 2577 1022 2618 ampla,
1047 2577 1226 2617 pleraque)
1276 2574 1309 2612 4,
1336 2578 1355 2604 3
1382 2573 1483 2604 locri-

72 2630 214 2662 abantur

1494 248 1513 280 Q!
