1753 2934
688 116 863 147 Librorum
892 116 988 148 Livii.
1432 123 1439 155 l
1458 123 1467 155 l

131 243 374 283 dissensionis,
411 243 574 276 Cocceius
610 244 735 281 Nerva,
770 256 914 287 proavus
941 246 1074 283 Nervae,
1115 247 1169 288 qui
1205 255 1322 289 postea
1357 249 1530 290 imperavit

131 305 257 343 Romae,
283 307 453 337 mandavit
476 308 639 345 Augusto,
668 313 702 337 ut
720 307 876 343 mitteret,
904 307 960 347 qui
980 307 1019 337 de
1046 318 1175 339 summa
1202 319 1309 340 rerum
1338 315 1528 341 tractarent,

132 367 224 407 Ergo
248 367 367 399 missus
394 373 444 399 est
468 367 635 398 Maeeenas
671 378 744 398 cum
774 368 936 408 Agrippa,
975 370 1028 408 qui
1070 377 1245 410 utrumque
1281 372 1464 402 exercitum
1497 372 1530 402 in

133 438 200 459 una
216 434 324 460 castra
343 435 535 469 coegerunt,
563 435 599 460 nt
619 430 664 460 ait
683 430 796 460 Livius
815 429 871 459 lib.
887 428 1064 461 CXXVII.
1121 431 1380 472 Intelligendum
1407 440 1530 469 autem,

132 490 239 530 quod,
269 490 413 522 Fonteio
439 491 542 521 misso
571 491 612 521 ab
643 491 805 527 Antonio,
836 492 1007 529 Augustus
1034 491 1251 523 Maecenatem
1279 501 1309 524 et
1336 502 1464 525 ceteros
1490 495 1530 524 ad

131 553 272 583 eundem
298 552 409 583 locum
437 552 594 583 emiserit.
652 551 736 582 Acro
763 550 809 581 ad
834 551 950 582 Ilm-at.
978 550 1049 584 Sat.
1079 552 1104 589 l,
1132 553 1164 589 5,
1192 554 1248 584 29.
1298 555 1421 585 Eadem
1449 555 1531 586 Por-

130 613 241 655 phyrio
269 612 315 644 ad
339 612 465 644 eundem
493 612 589 644 locum
616 613 663 643 his
688 613 787 643 verbis
813 612 920 643 Imber:
953 612 1174 645 Dissensione
1201 623 1273 646 ortu
1309 617 1394 647 inter
1423 618 1531 648 Coesa-

131 684 200 705 rem
231 677 417 715 Augustum
446 675 708 715 Antoniumque,
739 672 901 705 Cocceius
935 674 1062 714 Nerva,
1098 684 1177 708 avus
1209 677 1297 713 eius,
1331 678 1385 716 qui
1418 685 1533 718 postea

131 735 249 766 Romae
275 736 466 777 imperavit,
502 737 597 777 petiit
622 747 641 767 a
668 735 816 773 Caesare,
854 743 888 766 ut
917 736 1081 776 aliquem,
1117 739 1171 777 qui
1199 739 1239 768 de
1265 747 1396 769 summa
1422 747 1532 768 rerum

133 802 301 835 tractaret,
327 799 473 829 mitteret
502 798 728 828 Tarracinam.
781 797 823 828 Et
850 798 990 837 primum
1018 798 1196 835 Maecenas,
1224 810 1304 830 mox
1330 804 1361 829 et
1383 799 1533 840 Agrippa

133 860 302 899 congressi
337 865 430 897 sunt⁷
473 860 573 899 hique
608 859 805 900 pepigerunt
838 858 934 889 tidem
975 860 1317 900 confirmatissimam,
1354 867 1385 891 et
1410 861 1443 890 in
1469 870 1534 890 una

133 927 241 952 castra
267 920 411 952 conferri
443 921 540 960 signa
567 921 739 959 utriusque
767 920 933 950 exercitus
960 922 1140 951 iusserunt.
1197 921 1272 952 Hoc
1299 927 1329 951 et
1356 921 1396 952 T.
1421 921 1533 951 Livius

131 982 188 1014 lib.
218 981 394 1013 CXXVII.
422 982 543 1022 refert,
578 987 717 1021 excepta
744 980 918 1021 Capitonis
956 983 1131 1012 mentione.
1185 982 1225 1013 In
1252 982 1350 1013 verbis
1385 980 1528 1022 quoedam

132 1050 239 1083 mutat,
267 1055 300 1074 re
325 1042 433 1075 eadem
459 1043 550 1074 habet
572 1041 754 1073 scholiastes
783 1040 990 1083 Crtrqut'anus.

645 1133 699 1164 Ei·
724 1134 774 1165 lib.
804 1134 1020 1166 CXXXIII.

226 1197 315 1234 51*)
343 1196 453 1227 Livius
483 1195 600 1232 refert,
636 1194 868 1236 Cleopatram,
906 1206 1007 1236 quum
1039 1196 1081 1226 ab
1111 1197 1266 1236 Augusto
1303 1201 1401 1237 capta
1426 1194 1534 1225 indul-

133 1258 266 1299 gentius
292 1258 332 1288 de
359 1258 526 1288 industria
553 1262 761 1293 tractaretur,
805 1258 914 1288 dicere
949 1258 1099 1289 solitam:
1143 1257 1240 1296 „Non
1266 1256 1532 1297 triumphab0r.⁷'

135 1317 325 1351 Scholiastes
354 1317 486 1359 Cruquii
509 1317 555 1349 ad
579 1317 697 1351 Horat.
736 1317 795 1349 Od.
824 1318 853 1355 l,
893 1318 952 1351 37.
982 1319 1043 1350 30.
1098 1318 1225 1350 Eadem
1258 1319 1369 1349 habent
1393 1318 1476 1348 Acro
1509 1322 1538 1347 et

133 1379 324 1421 Ρονμὴῃιίο,
351 1379 400 1410 hic
429 1379 555 1411 erce:
587 1375 642 1412 Οὔ
668 1376 976 1423 θριαμβεύσομαι.

662 1463 715 1493 Ex
741 1461 791 1493 lib.
822 1462 1015 1496 CXXXV.

232 1526 316 1567 52*)
342 1525 382 1557 In
408 1525 501 1555 cuius
529 1524 747 1565 apparitionis
778 1525 841 1562 die,
878 1526 967 1564 quod
995 1525 1174 1566 epiphania
1200 1525 1397 1565 appellatur,
1425 1522 1538 1554 Caesar

139 1589 313 1630 Augustus
338 1588 371 1618 in
397 1587 614 1628 spectaculis,
646 1587 732 1618 sicut
759 1585 873 1617 Livius
900 1592 1022 1619 narrat.
1061 1587 1217 1617 Romano
1245 1579 1371 1628 populo
1394 1586 1536 1625 nuntiat,

135 1659 306 1690 regressus
343 1659 363 1680 a
387 1649 563 1679 Britannia
595 1647 720 1687 insula,
756 1653 861 1678 totum
889 1648 1004 1678 orbem
1030 1655 1193 1679 terrarum
1222 1654 1289 1679 tam
1322 1647 1410 1679 bello
1437 1656 1535 1688 quam

135 1711 292 1742 amicitiis
323 1711 477 1742 Romano
517 1710 654 1751 imperio
693 1709 785 1750 pacis
821 1709 1027 1742 abundantia
1062 1711 1243 1742 subditum.
1303 1708 1468 1750 Appom'us
1506 1707 1536 1738 z'n

138 1771 299 1804 Canticum
329 1770 526 1802 Cante'corum
553 1769 616 1811 (ed.
642 1770 736 1801 Rom.
763 1769 878 1813 1643.)
908 1770 994 1809 XII,
1019 1782 1051 1812 p.
1078 1772 1126 1802 23
1135 1770 1164 1802 7.

655 1854 711 1885 Ex
735 1853 786 1885 lib.
818 1853 1029 1888 CXXXVI.

226 1916 286 1966 53)
320 1916 465 1953 Eodem
497 1929 597 1953 anno
635 1917 745 1953 ludos
775 1917 974 1954 saeculares
1005 1917 1136 1955 Caesar
1175 1918 1317 1966 ingenti
1348 1922 1538 1966 apparatu

135 1988 236 2029 feeit,
263 1999 359 2036 quos
383 1987 586 2022 centesimo
609 1999 761 2034 quoque
783 2000 882 2023 anno
902 2009 949 2014 --
971 1988 1002 2024 is
1024 1988 1120 2024 enim
1143 1988 1324 2024 terminus
1343 1987 1470 2024 saeculi
1487 2009 1537 2014 —

134 2060 216 2097 fieri
244 2070 338 2095 mos.
403 2062 560 2095 Censorin.
589 2063 627 2094 de
653 2063 703 2094 die
728 2070 791 2094 nat.
813 2063 868 2095 17.

676 2147 731 2178 Ex
755 2148 876 2178 incertis
901 2147 996 2180 libris.

231 2212 291 2253 54)
311 2211 408 2243 Titus
428 2210 553 2247 Livius,
580 2209 780 2249 eloquentiae
806 2219 844 2240 ac
858 2210 935 2240 fidei
958 2209 1135 2250 praeclarus
1153 2209 1329 2250 imprimis,
1356 2207 1418 2239 Cn.
1436 2208 1537 2240 Pom—

135 2275 246 2316 peium
272 2273 372 2304 tantis
397 2272 554 2303 laudibus
580 2271 665 2307 tulit,
698 2276 734 2301 ut
760 2270 1003 2311 Pompeianum
1035 2281 1110 2301 eum
1142 2273 1317 2310 Augustus
1342 2270 1537 2312 appellaret,

135 2344 245 2376 neque
269 2335 304 2365 id
329 2333 486 2365 amicitiae
511 2342 625 2363 eorum
652 2330 775 2371 offecit,
803 2337 859 2362 cet.
916 2331 1018 2365 Tacit.
1045 2332 1125 2363 Anu.
1153 2331 1220 2369 IV,
1245 2331 1303 2364 34.

230 2395 288 2437 55)
313 2396 377 2427 Vir
402 2395 528 2435 ingenii
555 2394 668 2434 magni
686 2392 793 2433 magis
816 2403 917 2433 quam
943 2393 1032 2424 boni.
1075 2392 1197 2425 Seneca
1225 2392 1262 2424 de
1282 2393 1432 2432 1'raI‚16·
1447 2393 1536 2434 (20).

229 2454 286 2499 56)
313 2456 478 2487 Profiteor
502 2456 617 2487 mirari
643 2464 714 2494 me,
751 2455 788 2485 T.
815 2454 967 2492 Livium,
994 2462 1164 2486 auctorem
1198 2455 1471 2496 celeberrimum,
1503 2456 1537 2486 in

136 2517 354 2548 historiarum
381 2526 534 2554 suarum,
572 2526 655 2558 quas
687 2516 807 2557 repetit
839 2516 880 2546 ab
907 2516 1036 2555 origine
1062 2517 1164 2555 urbis,
1201 2517 1346 2557 quodam
1371 2517 1539 2547 volumine

136 2578 184 2609 sic
219 2588 348 2609 orsum:
389 2577 479 2609 Satis
515 2578 583 2609 iam
617 2577 680 2609 sibi
714 2577 830 2616 gloriae
856 2576 1050 2618 quaesitum,
1087 2583 1120 2608 et
1144 2578 1292 2619 potuisse
1317 2587 1353 2609 se
1379 2578 1538 2615 desinere,

135 2639 170 2670 ni
187 2639 316 2670 animus
334 2639 462 2678 inquies
479 2645 674 2680 pasceretur
691 2648 801 2679 opere.
842 2637 966 2669 Plinius
980 2639 1009 2669 in
1024 2640 1155 2680 pragfat.
1175 2638 1227 2672 lib.
1241 2638 1268 2670 I.
1283 2638 1366 2670 Hist.
1383 2638 1464 2670 Nat.
1480 2637 1536 2669 16.
