1753 2934
266 114 316 150 58
831 113 1003 144 Periocha:

206 243 282 274 sola
307 243 340 273 in
367 243 431 274 fide
457 243 495 274 P.
526 244 565 274 R.
594 251 779 280 manserat,
817 244 1025 284 oppugnavit
1055 251 1088 275 et
1117 244 1248 284 aliquot
1279 244 1406 285 proeliis
1441 244 1620 275 navalibus

209 304 316 335 victus
342 305 490 335 recessit.
542 304 733 335 Archelaus
769 304 945 345 praefectus
980 305 1066 345 regis
1099 305 1133 335 in
1161 305 1325 337 Graeciam
1360 314 1434 336 cum
1469 305 1620 336 exercitu

207 366 309 406 venit,
335 365 491 396 Athenas
507 366 696 405 occupavit.
736 365 906 396 Praeterea
922 366 1181 406 trepidationem
1200 368 1332 398 urbium
1351 366 1620 406 insularumque,

206 427 282 458 aliis
308 427 350 458 ad
377 427 627 465 Mithridatem,
668 426 743 458 aliis
777 427 818 457 ad
851 427 1012 468 populum
1039 428 1229 459 Romanum
1257 428 1407 459 civitates
1439 437 1517 459 suas
1551 434 1620 459 tra-

206 488 374 526 hentibus,
401 488 563 519 eontinet.

728 594 790 626 EX
819 594 905 626 LIB.
934 595 1095 627 LXXIX.

300 671 338 702 L.
370 671 545 702 Cornelius
585 670 691 701 Cinna
725 681 792 703 cos.
828 682 930 712 quum
966 673 1170 713 perniciosas
1202 672 1295 711 leges
1327 680 1384 713 per
1417 670 1482 702 vim
1517 676 1618 712 atque

204 743 299 763 arma
332 733 452 770 ferret,
499 733 616 774 pulsus
651 734 732 764 urbe
771 733 812 763 ab
840 731 903 763 Cn.
931 731 1071 763 Octavio
1108 733 1240 773 collega
1274 742 1349 763 cum
1382 742 1442 764 sex
1475 732 1618 764 tribunis

202 795 309 835 plebis
343 794 551 835 imperioque
587 795 616 825 ei
649 795 826 834 abrogato,
865 800 1058 835 corruptum
1085 795 1175 835 App.
1203 793 1336 826 Claudii
1372 795 1555 826 exercitum
1583 795 1618 827 in

201 862 404 897 potestatem
436 866 530 887 suam
557 856 688 895 redegit
713 864 745 886 et
770 855 895 887 bellum
923 856 996 886 urbi
1023 855 1146 895 intulit,
1185 856 1346 886 arcessito
1373 854 1410 886 C.
1438 856 1548 888 Mario
1575 866 1618 888 ex

201 917 322 950 Africa
350 927 424 948 cum
453 916 527 947 aliis
553 916 746 955 exsulibus3
774 918 806 947 in
834 927 900 957 quo
927 917 1016 947 bello
1042 917 1109 947 duo
1136 916 1268 953 fratres,
1296 917 1382 948 alter
1407 927 1448 948 ex
1461 917 1616 959 Pompeii

202 979 372 1018 exercitu,
414 979 499 1009 alter
533 988 575 1009 ex
602 977 740 1019 Cinnae,
783 979 977 1019 ignorantes
1017 985 1274 1016 concurrerunt,
1317 984 1351 1009 et
1385 989 1485 1020 quum
1513 981 1617 1012 victor

201 1041 363 1081 spoliaret
389 1041 549 1077 occisum,
590 1041 705 1080 agnito
732 1041 846 1077 fratre,
883 1041 1014 1080 ingenti
1048 1039 1293 1072 lamentatione
1327 1041 1434 1081 edita,
1478 1051 1560 1082 rogo
1585 1042 1616 1073 ei

201 1107 385 1134 exstructo,
423 1102 493 1142 ipse
523 1111 557 1132 sc
584 1111 685 1141 supra
718 1111 836 1141 rogum
865 1101 1047 1133 transfodit
1081 1108 1113 1133 et
1148 1103 1265 1133 eodem
1292 1103 1371 1142 igne
1397 1109 1615 1143 consumptus

199 1168 259 1193 est.
310 1163 354 1193 Et
380 1172 482 1202 quum
510 1163 652 1203 opprimi
683 1163 770 1194 inter
796 1163 889 1193 initia
915 1164 1091 1204 potuisset,
1127 1163 1189 1195 Cn.
1215 1164 1367 1204 Pompeii
1393 1163 1521 1201 fraude⁷
1558 1165 1614 1205 qui

199 1228 377 1262 utramque
409 1230 541 1263 partem
579 1224 724 1255 fovendo
757 1225 844 1256 vires
873 1224 991 1256 Cinna:
1018 1226 1109 1256 dedit
1146 1236 1206 1256 nec
1242 1226 1306 1257 nisi
1340 1225 1528 1266 profligatis
1554 1237 1613 1268 op—

199 1283 364 1315 timatium
392 1285 491 1316 rebus
517 1286 679 1316 auxilium
707 1286 792 1327 tulit,
821 1292 854 1317 et
879 1287 1026 1318 consulis
1052 1288 1198 1327 segnitia
1231 1288 1418 1319 confirmati
1447 1286 1556 1319 Cinna
1582 1294 1615 1319 et

198 1345 328 1377 Marius
363 1352 523 1386 quattuor
553 1347 775 1387 exercitibus,
819 1358 860 1380 cx
893 1349 1015 1390 quibus
1049 1350 1116 1380 duo
1155 1347 1193 1387 Q.
1222 1349 1371 1381 Sertorio
1405 1355 1438 1379 et
1463 1346 1612 1380 Carboni

198 1408 267 1439 dati
294 1415 383 1446 sunt,
409 1409 526 1439 urbem
553 1409 850 1441 circumsederunt.
903 1410 1034 1442 Ostiam
1062 1410 1229 1441 coloniam
1249 1410 1381 1442 Marius
1406 1411 1613 1452 expugnavit

197 1476 229 1500 et
256 1469 436 1501 crudeliter
461 1471 611 1511 diripuit.

734 1578 798 1609 EX
824 1579 911 1610 LIB.
938 1578 1084 1610 LXXX.

290 1655 419 1686 Italicis
446 1655 578 1695 populis
605 1664 623 1684 a
650 1660 769 1686 senatu
797 1656 913 1687 civitas
932 1656 1011 1686 data
1027 1662 1086 1687 est.
1138 1654 1320 1693 Samnites,
1348 1657 1403 1695 qui
1431 1656 1493 1687 soli
1519 1666 1612 1688 arma

199 1716 416 1757 recipiebant,
447 1716 560 1747 Cinnae
592 1724 622 1747 et
649 1717 759 1748 Mario
790 1727 824 1748 se
851 1718 1118 1754 coniunxerunt3
1154 1716 1195 1747 ab
1222 1717 1274 1748 his
1298 1717 1453 1749 Plautius
1479 1718 1612 1759 legatus

197 1788 271 1809 eum
306 1779 456 1809 exercitu
489 1787 595 1809 eaesus
631 1784 690 1810 est.
753 1778 862 1810 Cinna
888 1786 920 1810 et
946 1780 1075 1810 Marius
1110 1788 1190 1819 cum,
1211 1777 1369 1810 Carbone
1405 1785 1437 1810 et
1462 1778 1611 1811 Sertorio

196 1838 387 1870 Ianiculum
420 1848 701 1880 oppugnaverunt
739 1847 771 1872 et
808 1840 914 1881 fugati
956 1841 998 1872 ab
1032 1840 1173 1872 Octavio
1212 1842 1351 1872 consule
1389 1844 1610 1872 recesserunt.

196 1902 325 1934 Marius
355 1903 496 1933 Antium
523 1909 554 1932 et
580 1903 731 1933 Ariciam
768 1908 800 1933 et
828 1903 1018 1933 Lanuvium
1048 1902 1198 1933 colonias
1227 1903 1445 1943 expugnavit.
1500 1900 1610 1940 Quum

195 1975 270 2006 spes
295 1964 388 1994 nulla
414 1970 501 1995 esset
533 1964 754 2005 optimatibus
791 1964 967 1995 resistendi
999 1970 1137 2005 propter
1168 1965 1343 2005 segnitiam
1377 1970 1410 1995 et
1434 1964 1609 2006 perfidiam

195 2032 227 2057 et
253 2027 374 2057 ducum
402 2032 434 2056 et
459 2026 615 2064 militum,
643 2026 698 2065 qui
726 2027 872 2067 corrupti
899 2032 957 2057 aut
982 2036 1132 2067 pugnare
1150 2026 1313 2057 nolebant
1333 2026 1441 2056 autin
1461 2025 1610 2056 diversas

196 2093 309 2129 partes
334 2087 542 2126 transibant,
576 2086 686 2118 Cinna
720 2094 752 2119 et
777 2088 906 2119 Marius
941 2089 974 2118 in
1000 2088 1118 2119 urbem
1152 2088 1276 2128 recepti
1304 2094 1397 2127 sunt3
1436 2087 1490 2128 qui
1518 2086 1611 2117 velut

196 2155 330 2190 captam
357 2159 430 2180 eam
459 2149 606 2180 caedibus
638 2160 678 2180 ac
703 2150 832 2191 rapinis
859 2155 1098 2191 vastaverunt,
1136 2148 1196 2181 Cn.
1224 2149 1368 2180 Octavio
1399 2158 1468 2180 cos.
1496 2148 1608 2179 occiso

195 2217 228 2241 et
253 2211 408 2242 omnibus
435 2212 584 2243 adversae
609 2213 713 2253 partis
738 2212 908 2243 nobilibus
934 2212 1120 2249 trucidatis,
1147 2213 1234 2242 inter
1259 2221 1342 2251 quos
1368 2210 1414 2241 M.
1442 2210 1608 2247 Antonio,

195 2273 476 2313 eloquentissimo
509 2273 601 2310 viro,
641 2279 673 2303 ct
700 2273 737 2305 C.
777 2280 804 2305 et
830 2274 868 2305 L.
898 2273 1053 2312 Caesare,
1097 2283 1239 2315 quorum
1275 2273 1386 2314 capita
1419 2273 1453 2303 in
1490 2271 1608 2303 rostris

194 2335 304 2376 posita
324 2341 411 2366 sunt.
459 2333 603 2367 Crassus
628 2336 716 2367 filius
741 2336 784 2366 ab
811 2337 980 2376 equitibus
998 2336 1158 2367 Fimbriae
1176 2337 1317 2373 occisus,
1343 2340 1440 2375 pater
1454 2332 1608 2373 Crassus,

194 2406 235 2427 ne
261 2396 342 2436 quid
368 2397 542 2436 indignum
571 2398 694 2428 virtute
722 2407 782 2428 sua
807 2404 988 2439 pateretur,
1022 2398 1135 2438 gladio
1162 2407 1197 2429 se
1221 2397 1398 2429 transfixit.
1454 2395 1499 2426 Et
1523 2395 1608 2426 citra

195 2458 264 2488 ulla
299 2459 435 2489 comitia
470 2459 625 2489 eonsules
662 2459 695 2489 in
729 2466 927 2499 sequentem
966 2470 1090 2490 annum
1129 2469 1164 2491 se
1199 2460 1289 2500 ipsos
1318 2459 1604 2490 renuntiaverunt.

193 2520 391 2561 Eodemque
421 2520 486 2557 die,
513 2530 580 2559 quo
606 2521 841 2561 magistratum
869 2522 1024 2559 inierant,
1051 2521 1180 2553 Marius
1207 2521 1286 2554 Sex.
1315 2521 1481 2553 Licinium
1507 2529 1605 2552 sena-

194 2589 299 2614 torem
327 2583 367 2613 de
393 2592 476 2614 saxo
503 2584 598 2615 deiiei
625 2584 733 2621 iussit,
759 2584 924 2633 editisque
946 2584 1101 2625 plurimis
1126 2583 1322 2624 sceleribus,
1349 2584 1458 2614 idibus
1472 2581 1606 2613 Ianuar.

193 2645 358 2683 decessit,
398 2644 464 2683 vir,
503 2646 597 2676 cuius
631 2646 656 2677 si
684 2646 922 2677 examinentur
947 2655 1021 2677 cum
1049 2647 1227 2677 virtutibus
1253 2646 1350 2683 vitia,
1389 2645 1478 2675 haud
1505 2643 1606 2676 facile
