1796 2929
509 126 609 157 Liber
635 125 761 156 XLIV.
813 125 873 163 (A.
897 124 974 155 Chr.
997 124 1089 162 169.)
1364 123 1437 159 149

82 248 295 296 quindecim
319 247 463 283 milium
487 260 666 295 passuum
691 259 790 294 aegre
811 247 942 282 itinere
964 246 1137 283 confecto
1154 250 1282 282 castra
1302 243 1497 292 posuerint

83 317 387 365 quieverii‘itque3
428 317 604 360 Diei-um,
637 329 747 364 quem
780 328 933 364 cepere,
964 317 1087 352 locum
1129 314 1335 362 appellant.
1401 313 1496 349 Inde

81 394 235 434 postero
266 387 325 422 die
360 387 438 422 VII
474 386 576 422 milia
615 386 826 434 progressi„
859 385 1003 421 tumulo
1035 385 1136 420 haud
1168 383 1299 431 procul
1330 382 1495 418 hostium

81 456 215 492 castris
247 463 380 503 capto,
420 456 590 491 nuntium
626 456 675 491 ad
706 455 900 492 consulem
932 455 1148 496 remittunt,
1192 459 1414 501 perventum
1447 451 1496 487 ad

81 525 227 560 hostem
260 536 359 569 esse;
398 525 482 560 loco
522 537 563 561 se
593 532 673 561 tuto
705 533 741 560 et
772 524 821 560 ad
853 523 981 560 omnia
1012 530 1229 571 opportuno
1262 522 1497 563 consedisse;

81 601 139 638 ut,
183 601 367 641 quantum
406 595 610 631 extendere
649 595 720 631 iter
761 600 909 642 posset,
947 599 1255 640 consequeretur.
1323 591 1495 629 Sollicito

81 663 225 699 consuli
258 671 294 699 ct
320 670 478 711 propter
506 664 650 700 itineris
672 664 949 708 difficultatem,
980 663 1082 710 quod
1112 662 1306 709 ingressus
1336 667 1429 703 erat,
1460 667 1496 695 et

82 745 211 768 eorum
244 733 377 776 viceni,
410 746 505 780 quos
528 746 672 781 paucos
694 734 791 770 inter
814 733 938 769 media
959 731 1138 780 praesidia
1160 731 1325 767 hostium
1347 729 1497 778 praeini-

81 809 195 846 serat,
226 803 379 838 nuntius
410 803 459 838 ad
491 804 719 839 Ascuridem
752 802 929 850 paludem
965 801 1139 837 occurrit.
1202 801 1349 837 Addita
1382 800 1496 847 igitur

82 879 117 908 et
147 872 218 919 ipsi
256 871 395 907 fiducia
435 878 511 916 est,
554 872 841 919 coniunctisque
879 872 1019 920 copiis,
1059 880 1187 907 castra
1226 870 1392 913 tumulo,
1434 868 1497 916 qui

81 943 293 985 tenebatur,
325 953 401 988 qua
423 941 661 988 aptissimum
686 942 734 977 ad
755 941 829 977 loci
855 949 1031 977 naturam
1054 948 1148 984 erat„
1178 947 1266 975 sunt
1295 938 1498 974 adclinata.

81 1011 172 1047 Non
212 1010 378 1047 hostium
427 1011 544 1046 modo
585 1018 729 1056 castra,
779 1023 863 1058 quae
899 1011 1028 1059 paullo
1059 1010 1144 1058 plus
1175 1009 1277 1045 mille
1315 1019 1496 1056 passuum

82 1080 254 1124 aberant,
285 1081 351 1116 sed
382 1080 504 1116 omnis
534 1081 640 1128 regio
681 1081 730 1116 ad
761 1081 878 1116 Dium
918 1087 955 1116 et
994 1079 1146 1116 Philam
1193 1090 1338 1124 oraque
1369 1076 1498 1119 maris,

81 1149 158 1185 late
188 1156 342 1197 patente
372 1162 420 1186 ex
450 1157 527 1185 tam
561 1151 638 1185 alto
663 1150 753 1197 iugo
775 1157 993 1198 prospectu,
1020 1148 1138 1185 oculis
1163 1146 1358 1184 subicitur.
1405 1146 1499 1192 Quae

81 1232 140 1255 res
173 1219 345 1255 accendit
376 1219 484 1255 militi
515 1219 682 1263 animos,
715 1226 921 1267 postquam
953 1231 1143 1254 summam
1174 1217 1265 1254 belli
1295 1228 1340 1252 ac
1370 1216 1498 1264 regias

83 1301 213 1325 omnes
247 1289 378 1337 copias
415 1297 634 1337 terramque
665 1289 841 1326 hostilem
878 1297 955 1324 tani
987 1301 1007 1324 e
1037 1287 1255 1336 propinquo
1289 1297 1498 1333 conspexe-

83 1366 180 1395 runt.
232 1359 369 1407 Itaque
400 1372 484 1394 cum
516 1359 676 1403 alacres,
707 1359 881 1407 protinus
901 1359 1055 1394 duceret
1083 1358 1132 1393 ad
1161 1364 1288 1393 castra
1317 1357 1498 1400 hostiurn,

84 1428 277 1465 consulem
309 1430 566 1471 hortarentur,
597 1428 676 1464 dies
710 1440 807 1464 unus
837 1428 948 1464 fessis
979 1427 1114 1463 labore
1146 1427 1218 1462 viae
1252 1427 1301 1462 ad
1332 1427 1497 1474 quietem

84 1499 195 1534 datus
226 1505 293 1534 est.
337 1498 471 1534 Tertio
503 1498 575 1542 die,
606 1505 716 1546 parte
742 1497 938 1545 copiarum
965 1498 1014 1533 ad
1038 1497 1254 1545 praesidium
1286 1503 1497 1532 castrorum

83 1567 227 1610 relicta,
258 1567 390 1603 consul
421 1568 468 1603 ad
499 1568 646 1603 hostem
679 1567 794 1605 ducit.

195 1637 360 1685 Hippias
397 1649 518 1685 nuper
559 1637 607 1673 ad
642 1637 822 1673 tuendum
854 1637 992 1672 saltum
1032 1636 1080 1671 ab
1110 1647 1201 1683 rege
1232 1635 1368 1671 missus
1400 1641 1498 1679 e1·at;

84 1706 167 1753 qui,
209 1718 257 1742 ex
295 1718 371 1753 quo
402 1713 530 1742 castra
560 1707 740 1743 Romana
768 1707 805 1742 in
836 1706 982 1742 tumulo
1014 1705 1233 1753 conspexit,
1272 1705 1499 1753 praeparatis

84 1774 133 1809 ad
163 1782 354 1810 certamen
387 1776 522 1812 animis
563 1789 740 1822 suorum,
780 1776 946 1812 venienti
984 1774 1127 1823 agmini
1165 1773 1331 1810 consulis
1362 1774 1499 1810 obvius

83 1843 165 1880 fuit.
212 1844 264 1880 Et
291 1845 456 1882 Romani
487 1847 656 1895 expediti
686 1846 735 1882 ad
765 1858 934 1894 pugnam
965 1846 1150 1889 exierant7
1180 1851 1216 1879 et
1246 1844 1375 1879 hostes
1405 1843 1500 1879 levis

85 1919 281 1949 armatura
305 1921 399 1958 erat,
432 1916 757 1964 promptissimum
785 1928 905 1963 genus
929 1915 978 1951 ad
1002 1913 1267 1950 lacessendum
1293 1920 1497 1949 certamen.

85 1983 291 2031 Congressi
323 1983 439 2031 igitur
469 1985 683 2033 extemplo7
728 1985 804 2021 tela
842 1985 1097 2020 coniecerunt.
1153 1982 1277 2019 Multa
1308 1984 1498 2030 utrimque

86 2197 104 2224 3
129 2203 265 2234 passum
288 2203 365 2233 egre
387 2201 390 2236 ;
414 2194 587 2233 posuerint
608 2193 927 2233 fuerimquedierum
948 2192 1018 2233 Jsq.
1047 2191 1171 2223 IVomen
1193 2191 1255 2223 loci
1274 2192 1420 2222 incertum
1443 2197 1495 2222 est.

88 2249 204 2292 (Gt-yn.
215 2252 402 2291 posuerint:
418 2251 535 2281 turrim
545 2250 704 2281 Eudieru.
718 2250 816 2282 Nunc
836 2249 1019 2281 Vahlenium
1037 2260 1158 2290 quoque
1171 2250 1395 2290 requieverint
1405 2249 1501 2280 scribi

86 2319 217 2350 voluisse
227 2318 350 2359 video.)
398 2324 417 2349 4
433 2320 646 2360 appellantur
691 2318 724 2355 4,
739 2324 756 2349 2
777 2329 833 2349 un.
852 2319 1021 2359 progressi
1069 2322 1087 2349 3
1108 2308 1302 2349 consuleme
1325 2319 1501 2350 remittunt

86 2376 118 2414 5,
144 2379 163 2406 3
190 2376 337 2407 hostium
358 2377 553 2417 praesiderat
609 2381 628 2408 4
649 2377 836 2417 ascyridem
895 2375 927 2413 6,
957 2380 974 2406 2
1002 2376 1270 2416 coniunctiisque
1319 2380 1338 2407 3
1368 2377 1500 2407 tebatur

89 2443 120 2480 7,
147 2448 165 2474 2
193 2444 235 2475 ad
262 2445 348 2475 diem
375 2451 409 2476 et
429 2445 533 2486 pilam
593 2449 612 2476 3
637 2450 771 2486 petente
794 2447 798 2483 Ι
821 2445 988 2484 subigitur
1034 2444 1066 2482 8,
1095 2448 1113 2475 2
1141 2451 1321 2486 postquam
1348 2433 1379 2475 m
1406 2455 1498 2476 sum-

88 2521 177 2543 mam
189 2510 192 2551 Ι
206 2522 265 2544 aec
280 2514 390 2552 regias
416 2518 435 2545 3
450 2515 558 2545 omnis
583 2514 615 2551 9,
627 2517 645 2544 2
665 2514 780 2544 labore
806 2514 884 2544 uitae
930 2512 993 2549 IV,
1004 2512 1064 2550 1‚3
1078 2503 1226 2554 agmizini
1245 2514 1365 2545 consul
1377 2515 1498 2545 obuius

87 2568 120 2606 2,
150 2572 162 2599 l
192 2568 279 2608 (Iam
310 2570 408 2612 Gryn.
436 2577 515 2602 recte
542 2571 793 2612 interpunxerat;
816 2571 1071 2612 postea-factum
1089 2577 1122 2602 et
1146 2571 1271 2603 hostes.
1301 2571 1400 2603 Levis
1415 2582 1500 2603 arm.

88 2625 162 2657 Em.
190 2625 277 2666 559)

1529 594 1549 627 ωε

1531 1013 1549 1046 xl
