1796 2929
200 731 244 764 10

200 942 212 975 1

338 126 409 159 144
680 121 780 150 Liber
804 120 933 151 XLIII.
987 120 1044 159 (A.
1071 129 1101 150 u.
1129 129 1156 150 c.
1186 121 1278 160 585.)

278 245 469 279 iuventute
503 241 734 277 Stratiorum
774 242 811 277 in
849 254 973 278 arcem
1018 254 1085 290 per
1122 243 1286 290 praesidii
1329 244 1492 290 speciem
1525 246 1684 281 amovit.

225 313 246 348 8
280 313 465 348 Perseus.
497 311 545 346 ab
576 310 858 347 imminentibus
890 311 1077 359 superiori
1107 312 1206 359 parti
1238 313 1341 348 urbis
1373 312 1526 348 tumulis
1559 319 1684 362 temp-

279 381 365 415 tatis
396 380 632 428 conloquiis,
670 392 753 416 cum
796 381 1009 428 opstinatos
1040 381 1165 428 adque
1198 383 1311 418 etiam
1344 383 1427 419 telis
1459 382 1591 430 procul
1623 395 1683 419 ar-

278 456 403 486 centes
435 449 598 492 videret,
638 450 804 498 quinque
850 449 953 485 milia
984 461 1165 497 passuum
1199 452 1246 487 ab
1279 453 1373 488 urbe
1404 459 1508 488 trans
1539 452 1685 488 Petita-

224 522 245 556 0
278 531 360 554 rum
393 531 541 554 amnem
574 519 700 567 posuit
729 527 866 556 castra.
925 519 983 555 Ibi
1015 520 1172 556 consilio
1205 522 1408 565 advocato,
1438 534 1522 557 cum
1547 522 1685 557 Archi-

230 943 239 975 1

222 1352 242 1387 [Ο

277 588 411 623 damus
444 587 768 635 Epirotarumque
797 588 1004 636 transfugae
1033 590 1257 634 retinerent,
1291 590 1546 626 Macedonum
1579 591 1681 638 prin·

277 656 378 704 cipes
417 668 492 691 non
534 657 780 705 pugnandum
819 670 903 693 cum
949 657 1088 693 infesto
1127 664 1298 706 tempore
1343 659 1430 695 anni
1475 666 1684 703 censerent,

275 725 386 761 nullis
417 727 642 774 praeparatis
674 727 948 763 commeatibus
996 739 1079 763 cum
1124 728 1290 775 inopiam
1332 729 1437 776 prius
1468 729 1686 765 obsidentes

279 808 392 843 quam
439 796 584 831 obsessi
628 797 775 832 sensuri
814 802 962 838 essent,
1011 797 1199 841 maxime,
1246 798 1348 845 quod
1388 799 1552 835 hostium
1583 799 1687 835 haud

278 866 411 914 procul
440 865 527 901 inde
558 866 717 902 hiberna
747 873 867 910 erant,
899 867 1050 902 territus
1068 867 1103 903 in
1122 868 1375 915 Aperantiam
1407 876 1534 905 castra
1555 869 1684 905 movit.

278 936 467 984 Aperanti
499 947 605 978 eum,
647 943 804 983 propter
835 937 1060 972 Archidami
1105 950 1282 985 magnam
1314 938 1350 974 in
1381 952 1426 974 ea
1455 946 1568 987 gente
1598 951 1686 986 gra-

278 1006 368 1041 tiam
404 1005 767 1052 auctoritatemque,
818 1018 1003 1042 consensu
1036 1007 1203 1042 omnium
1237 1015 1480 1055 acceperunt;
1530 1009 1561 1044 is
1597 998 1685 1056 ‘ipse

279 1088 362 1111 cum
395 1075 698 1123 octingentorum
731 1075 890 1111 militum
923 1075 1100 1123 praesidio
1132 1076 1175 1111 iis
1209 1084 1265 1112 cst
1294 1077 1534 1125 praepositus,

389 1146 473 1181 Rex
507 1157 590 1181 cum
621 1158 689 1180 non
721 1145 865 1181 minore
897 1145 1100 1181 vexatione
1130 1146 1383 1182 iumentorum
1402 1146 1687 1194 hominumque,

277 1227 392 1262 quam
423 1220 592 1257 venerat,
624 1215 660 1250 in
693 1214 961 1251 Macedoniam
993 1215 1116 1254 rediit.
1182 1215 1353 1264 Appium
1386 1223 1513 1252 tamen
1544 1217 1592 1252 ab
1619 1217 1687 1252 ob-

277 1284 423 1320 sidione
453 1284 650 1320 Phanotes
681 1283 786 1319 sama
817 1284 988 1320 ducentis
1022 1285 1070 1320 ad
1102 1285 1271 1321 Stratum
1304 1286 1435 1322 Persei
1469 1286 1686 1323 summovit.

277 1352 428 1398 Cleuas,
467 1365 551 1389 cum
583 1353 760 1401 proesidio
791 1353 1027 1401 inpigrorum
1059 1354 1237 1391 iuvenum
1271 1355 1483 1400 insecutus,
1524 1356 1594 1391 sub
1626 1368 1688 1391 ra-

276 1423 423 1459 dicibus
459 1435 579 1471 prope
619 1422 730 1458 inviis
773 1423 958 1459 montium
1001 1424 1049 1459 ad
1092 1424 1193 1460 mille
1229 1425 1423 1460 hominum
1456 1438 1503 1461 ex
1535 1425 1686 1473 agmine

275 1492 443 1539 inpedito
475 1491 634 1532 occidit,
664 1492 712 1527 ad
744 1492 927 1528 ducentos
959 1494 1070 1541 cepit.
1137 1494 1308 1542 Appius,
1346 1495 1534 1543 superatis
1567 1507 1687 1542 angu-

276 1562 370 1605 stiis,
399 1561 437 1597 in
469 1573 618 1608 campo⁷
650 1574 761 1609 quem
793 1562 972 1599 Meleona
1003 1569 1166 1607 vocant,
1197 1564 1338 1600 stativa
1368 1565 1513 1601 dierum
1545 1576 1689 1613 pauco-

277 1643 358 1666 rum
393 1631 539 1667 habuit.
604 1631 760 1667 Interim
792 1631 944 1673 Cleuas,
975 1633 1179 1682 adsumpto
1206 1635 1463 1678 Philostrato,
1500 1634 1564 1681 qui
1597 1634 1690 1682 Epi-

277 1707 448 1736 rotarum
479 1706 632 1748 gentem
664 1702 845 1747 habebat,
876 1702 913 1737 in
947 1715 1079 1750 agrum
1111 1703 1412 1751 Antigonensem
1444 1703 1688 1740 transcendit.

279 1770 512 1806 Macedones
543 1771 592 1806 ad
623 1771 957 1819 depopulationem
990 1772 1169 1821 profecti;
1209 1773 1466 1809 Philostratus
1504 1785 1588 1808 cum
1625 1784 1689 1808 co-

278 1841 387 1876 horte
425 1852 496 1876 sua
533 1839 569 1875 in
608 1840 752 1875 insidiis
799 1841 884 1878 loco
917 1843 1080 1879 obscuro
1112 1843 1294 1880 consedit.
1357 1844 1402 1879 In
1433 1842 1584 1890 palatos
1616 1854 1684 1890 po-

278 1910 472 1958 pulatores
503 1922 588 1946 cum
620 1911 832 1959 erupissent
862 1913 910 1948 ab
945 1913 1166 1961 Antigonea
1196 1913 1354 1957 armati,
1395 1912 1583 1960 fugientes
1623 1923 1688 1947 eos

280 2096 297 2123 2
325 2092 476 2123 admouit
531 2091 562 2128 8,
591 2094 609 2121 2
645 2090 821 2131 conloquis
843 2091 848 2130 1
870 2091 1018 2129 argentis
1078 2095 1097 2121 3
1125 2101 1259 2132 passum
1316 2091 1347 2128 9,
1380 2095 1391 2122 l
1426 2091 1618 2122 arcidamus
1670 2095 1688 2120 2

280 2150 535 2180 macedonicum
585 2148 639 2184 1Ο,
667 2152 685 2179 2
713 2148 855 2178 obsessu
880 2148 1010 2178 censuri
1034 2146 1038 2188 Ι
1062 2153 1119 2178 aut
1144 2148 1261 2189 procul
1311 2147 1363 2180 11.
1386 2151 1396 2178 I
1428 2148 1686 2188 aperantiaecum

281 2206 397 2248 (Gr-yn.
419 2207 606 2247 Aperantii)
622 2204 625 2244 1
640 2205 811 2237 achidami
850 2209 869 2236 3
887 2206 1156 2245 octingentorum
1186 2205 1326 2235 millium
1343 2205 1418 2244 (sic)
1437 2205 1441 2246 f
1459 2206 1509 2236 his
1557 2204 1690 2242 XXIII,

281 2264 312 2299 1,
343 2267 355 2294 l
388 2274 463 2294 cum
491 2264 619 2295 minore
635 2262 825 2294 I⁴'reinshem.
842 2268 871 2293 et
883 2262 990 2293 Drak.
1043 2265 1061 2292 2
1089 2263 1173 2293 redit
1194 2263 1199 2299 Ι
1223 2268 1334 2292 tamen
1361 2263 1533 2293 obsidione
1559 2262 1692 2294 fanotcs

281 2321 313 2358 2,
341 2325 358 2351 2
386 2322 486 2352 inuiis
513 2321 721 2352 mouentium
780 2323 799 2350 3
827 2320 937 2360 coepit
996 2319 1028 2356 3,
1060 2323 1071 2350 l
1103 2321 1268 2360 angustiis
1294 2329 1393 2360 quem
1420 2321 1453 2350 in
1479 2329 1597 2360 campo
1624 2329 1693 2350 me-

282 2379 382 2409 leona
420 2377 539 2420 (Gryn.
568 2380 600 2409 in
627 2388 745 2418 campo
773 2387 872 2416 quem
899 2376 1045 2416 Eleonn)
1102 2381 1120 2408 3
1156 2378 1272 2415 glebas
1307 2377 1487 2417 absumpto
1545 2381 1563 2406 4
1591 2382 1691 2414 gente

282 2436 427 2466 habebat
478 2434 683 2467 Scribendum
721 2433 844 2465 videtur
876 2433 1091 2476 Epirotarum
1125 2435 1328 2475 quingentos
1361 2434 1432 2466 Em.
1459 2433 1531 2466 558
1567 2432 1690 2473 (Koch.

283 2493 497 2533 Epirotarum
534 2493 642 2532 gentis
669 2492 860 2531 cohortem)
889 2492 895 2532 l
925 2493 1180 2529 antigonensem
1216 2491 1364 2523 habebat
1392 2491 1599 2522 transcendit
1660 2490 1693 2524 4,

288 2565 298 2592 1
331 2549 491 2602 aiprosccti
525 2561 721 2601 pilostrntus
785 2565 802 2591 2
842 2553 959 2591 insidis
998 2561 1037 2591 de
1064 2561 1138 2591 loco
1161 2561 1165 2600 Ι
1188 2549 1354 2601 poi'alatos
1417 2564 1435 2589 3
1461 2559 1626 2600 erupisset
1650 2560 1694 2590 nb

284 2630 514 2669 antigatonem
543 2641 669 2661 armam
697 2629 861 2669 fugientes
