1742 2902
464 131 566 162 Liber
591 131 682 162 XLI.
734 132 794 167 (A.
823 129 903 163 chr.
936 131 1029 169 174.)
1347 133 1395 167 33

181 252 361 291 Celtiberi
392 253 429 290 in
455 253 663 302 Hispania,
698 229 898 301 quixbeno
938 253 1070 290 domiti
1106 265 1146 289 se
1183 252 1243 288 Ti.
1271 251 1450 290 Graccho

44 323 284 367 dediderant,
330 324 457 371 pacati
503 329 723 360 manserant
765 323 818 359 M.
864 323 1007 359 Titinio
1053 329 1214 370 praetore
1259 322 1453 370 optinente

43 392 292 441 provinciam.
354 392 602 429 Rebellarunt
640 392 710 428 sub
749 392 956 428 adventum
989 394 1067 441 Ap.
1102 391 1259 436 Claudi,
1300 392 1452 439 orsique

42 460 180 498 bellum
212 467 299 497 sunt
329 462 377 498 ab
408 462 605 510 repentina
628 461 915 510 oppugnatione
937 468 1149 497 castrorum
1174 463 1449 499 Romanorum.

41 530 174 568 Prima
203 530 268 566 lux
298 530 418 568 ferme
447 538 548 576 erat,
579 544 664 569 cum
695 531 828 580 vigiles
859 531 896 566 in
927 530 1048 574 vallo,
1081 531 1221 578 quique
1251 532 1287 567 in
1318 538 1450 580 porta-

41 612 122 637 rum
154 601 382 638 stationibus
408 609 528 645 erant,
559 614 643 638 eum
675 601 858 638 vidissent
888 600 1021 648 procul
1044 601 1256 637 venientem
1289 602 1451 645 hostem,

41 670 90 707 ad
133 683 242 707 arma
286 671 634 708 conclamaverunt.
711 674 790 720 Ap.
839 670 1043 712 Claudius,
1098 670 1207 718 signo
1253 671 1450 718 proposito

39 752 187 790 pugnae,
225 741 358 789 paucis
398 740 623 777 adhortatus
665 740 821 785 milites,
863 740 984 776 tribus
1014 739 1126 776 simul
1156 740 1277 788 portis
1308 741 1450 778 eduxit.

39 809 324 848 Obsistentibus
355 809 403 846 ad
434 810 575 846 exitum
608 809 832 855 Celtiberis,
872 809 995 858 primo
1027 822 1098 858 par
1127 810 1318 857 utrimque
1349 823 1448 858 proe-

37 879 128 917 lium
158 879 241 925 fuit,
272 879 362 928 quia
391 885 549 928 propter
579 880 774 928 angustias
805 892 881 916 non
919 891 1050 915 omnes
1078 879 1118 915 in
1147 878 1324 916 faucibus
1353 892 1448 928 pug-

37 961 129 986 nare
164 955 342 998 poterant
383 950 565 994 Romani;
606 956 810 998 urguentes
848 948 984 985 deinde
1023 948 1085 984 alii
1116 948 1212 984 alios
1253 949 1317 985 ubi
1359 962 1448 986 eva-

36 1026 167 1055 serunt
196 1025 307 1056 extra
337 1019 499 1065 vallum,
538 1026 579 1056 ut
607 1019 775 1068 pandere
816 1019 936 1056 aciem
969 1025 1004 1054 et
1044 1018 1239 1066 exaequari
1269 1020 1448 1056 cornibus

36 1089 216 1134 hostium,
247 1090 383 1137 quibus
411 1090 721 1135 circumibantur,
752 1096 920 1138 possent,
950 1089 1003 1125 ita
1029 1094 1186 1137 repente
1217 1088 1448 1137 irruperunt,

35 1165 78 1195 ut
106 1159 291 1196 sustinere
320 1159 503 1208 impetum
534 1172 664 1196 eorum
696 1157 876 1196 Celtiberi
906 1159 1116 1207 nequirent.
1176 1160 1281 1195 Ante
1311 1160 1447 1197 horam

35 1229 239 1266 secundam
262 1229 362 1277 pulsi
382 1235 489 1273 sunt3
520 1229 568 1265 ad
586 1229 667 1266 XV
689 1229 793 1266 milia
810 1241 917 1273 coesa,
938 1234 953 1249 *
973 1236 1105 1278 capta3
1136 1229 1246 1277 signa
1267 1229 1447 1277 adempta

35 1298 110 1335 duo
141 1305 178 1335 et
207 1299 346 1335 XXX.
391 1298 530 1336 Castra
556 1300 669 1336 etiam
705 1312 750 1336 eo
786 1299 846 1336 die
877 1306 1099 1348 expugnata
1129 1299 1444 1347 debellatumque.

33 1368 150 1413 Nam,
178 1368 242 1416 qui
269 1367 493 1416 superfuere
518 1368 666 1417 proelio,
694 1368 731 1404 in
758 1369 902 1418 oppida
925 1381 996 1406 sua
1021 1369 1159 1418 dilapsi
1187 1375 1285 1405 sunt.
1319 1369 1447 1416 Quieti

33 1437 168 1474 deinde
197 1444 407 1486 paruerunt
436 1438 609 1486 imperio.

172 1506 360 1544 Censores
413 1520 458 1544 eo
515 1521 615 1543 anno
661 1509 779 1544 creati
823 1508 868 1555 Q.
913 1508 1073 1544 Fulvius
1118 1509 1281 1545 Flaccus
1327 1514 1363 1545 et
1392 1510 1442 1547 A.

31 1577 252 1615 Postumius
276 1577 441 1613 Albinus
472 1577 645 1634 legerunt
675 1585 867 1622 senatum;
897 1578 1074 1626 princeps
1106 1578 1224 1615 lectus
1244 1579 1298 1614 M.
1319 1579 1446 1614 AEmi-

30 1646 102 1684 lius
133 1647 302 1695 Lepidus
338 1646 511 1695 pontifex
551 1647 753 1686 maximus.
812 1648 874 1684 De
903 1655 1038 1685 senatu
1072 1661 1210 1685 novem
1243 1648 1443 1685 eiecerunt.

30 1717 204 1765 Insignes
240 1722 340 1752 notae
379 1715 532 1752 fuerunt
570 1717 621 1754 M.
655 1716 808 1754 Corneli
845 1717 1142 1766 Maluginensis,
1188 1718 1252 1765 qui
1292 1719 1443 1754 biennio

31 1792 118 1822 ante
146 1790 288 1834 praetor
319 1786 358 1822 in
389 1786 582 1834 Hispania
610 1786 759 1832 fuerat,
795 1793 832 1824 et
863 1788 909 1826 L.
940 1786 1096 1824 Corneli
1127 1787 1317 1836 Scipionis
1348 1801 1443 1837 prae·

29 1855 141 1901 toris,
181 1856 287 1892 cuius
324 1863 403 1893 tum
433 1856 531 1893 inter
564 1857 665 1893 cives
709 1863 745 1893 et
786 1857 1010 1906 peregrinos
1039 1857 1251 1894 iurisdictio
1283 1865 1377 1903 erat,
1408 1864 1445 1894 et

29 1924 73 1964 L.
104 1926 230 1972 Fulvi,
267 1926 331 1974 qui
368 1925 488 1962 frater
523 1938 729 1974 germanus
768 1934 823 1971 et,
862 1933 903 1962 ut
933 1927 1113 1964 Valerius
1143 1928 1284 1964 Antias
1314 1928 1443 1972 tradit,

27 2080 156 2120 XXVI,
168 2082 200 2120 1,
214 2085 227 2113 1
248 2081 650 2124 celtifbereeltiberilset.
661 2088 683 2114 t.
694 2083 842 2123 graccho
854 2082 950 2114 Frob.
963 2083 1012 2114 II.
1042 2088 1291 2125 2oppugnante
1303 2087 1441 2126 Ριοηίῃ-

28 2151 112 2182 ciam
151 2151 302 2191 30sique
339 2155 358 2181 4
375 2135 609 2182 elassetrorum
647 2150 711 2189 2,1
729 2137 880 2193 inpballo
908 2153 1114 2194 quinquepin
1155 2153 1187 2192 3,
1204 2158 1222 2185 2
1249 2164 1372 2196 pugnae
1398 2155 1440 2186 ad

26 2219 139 2259 paucis
166 2218 354 2250 adhortatis
381 2218 514 2261 Kreyss.
548 2218 668 2261 (Gryn.
689 2231 728 2252 ac
756 2221 892 2261 paucis)
916 2221 920 2261 Ι
943 2221 1048 2252 edixit
1109 2226 1129 2252 4
1150 2228 1272 2263 praeter
1294 2224 1298 2263 Ι
1321 2233 1438 2255 omens

25 2273 58 2313 4,
76 2278 90 2307 1
107 2276 151 2307 ali
173 2274 178 2318 Ι
200 2276 306 2308 secuti
321 2282 501 2308 euaserunt
515 2275 690 2308 Biittnerus
717 2281 735 2308 2
756 2278 916 2318 exequari
935 2279 1101 2310 cirenibus
1120 2280 1256 2321 (supr-ai
1274 2282 1389 2322 scripto
1406 2283 1439 2320 ο)

26 2345 46 2374 3
62 2343 216 2376 hostibus
235 2343 333 2376 Gron.
352 2343 355 2383 J
371 2351 509 2387 possent
525 2351 562 2376 ut
583 2351 679 2377 extra
700 2346 831 2377 uallum
858 2352 896 2377 ut
921 2348 1069 2388 pandere
1094 2348 1200 2378 aciem
1222 2354 1256 2379 et
1277 2352 1438 2391 exequari

27 2401 181 2432 cornibus
205 2401 358 2433 hostibus
383 2402 646 2434 circumibantur
673 2408 809 2444 possent
841 2404 889 2434 ita
919 2404 923 2443 Ι
952 2410 1114 2446 ruperunt
1147 2405 1272 2438 Walch.
1312 2406 1433 2451 (Gryn.

26 2458 136 2499 erup.)
188 2462 208 2489 4
234 2459 390 2490 sustineri
451 2459 483 2497 5,
511 2464 529 2490 2
556 2460 647 2491 milia
673 2466 772 2502 capta
804 2459 876 2502 My.
903 2460 976 2492 Em.
1003 2462 1078 2493 508
1111 2461 1234 2505 (Gr-yn.
1263 2473 1350 2496 caesa
1376 2472 1435 2498 aut

25 2515 140 2555 capta)
159 2513 162 2554 l
179 2516 328 2556 adempti
364 2519 383 2546 3
410 2516 664 2558 dbellatumque
707 2522 727 2548 4
753 2518 854 2557 naqui
893 2518 1044 2558 XXVII,
1070 2519 1102 2559 1,
1130 2524 1149 2551 3
1176 2522 1345 2562 pontufex
1398 2523 1431 2562 2,

24 2572 44 2601 2
69 2571 209 2612 insignis
231 2574 236 2612 1
258 2574 502 2613 magulinensis
525 2574 530 2615 Ι
552 2574 778 2614 quisibiennio
820 2579 840 2605 4
860 2576 942 2607 ciuis
963 2576 969 2618 1
993 2576 1026 2607 ·1·
1052 2578 1239 2610 iurisdictio
1292 2583 1309 2610 5
1333 2579 1432 2619 (Ful-

23 2627 105 2658 vium
131 2628 208 2660 Vell.
225 2629 317 2667 1,10
345 2629 400 2661 Cn.
429 2629 580 2672 appellat,
608 2631 721 2662 Livius
749 2631 901 2670 XL,-11‚
928 2631 945 2663 7
962 2632 1031 2674 M.)

57 2690 154 2716 Livius
175 2699 209 2716 ex
229 2699 282 2717 rec.
304 2693 446 2723 Madvigii.
488 2694 550 2718 vn.
1126 2699 1145 2726 3

1509 247 1562 292 26

1483 530 1503 565 10

1503 1504 1555 1549 27

1476 1649 1496 1683 to
