1742 2902
185 1559 230 1592 10

187 1768 227 1803 11

321 113 370 148 82
681 110 782 142 Liber
806 108 918 141 xm.
971 109 1033 149 (A.
1055 118 1086 140 u.
1107 119 1134 140 c.
1165 108 1263 149 583.)

265 243 392 268 menes
424 231 514 267 mihi
549 231 709 275 obiciat,
753 238 794 267 ut
831 244 1013 268 accusare
1045 232 1172 280 potius
1202 244 1292 268 vere
1323 243 1436 279 quam
1470 231 1676 269 conviciari

264 299 494 337 videantur?
539 300 690 337 Scilicet
718 313 786 336 nec
811 302 1015 345 Eumenes,
1050 314 1132 337 cum
1163 308 1240 337 tam
1273 300 1400 337 multis
1421 299 1550 348 gravis
1581 300 1675 348 pub-

262 370 332 406 lice
373 382 418 405 ac
444 369 622 417 privatim
659 370 728 413 sit,
759 371 874 407 alium
908 384 1021 419 quam
1057 384 1117 407 me
1147 371 1339 407 inimicum
1370 370 1523 414 habuit3
1554 382 1676 418 neque

263 452 333 487 ego
367 439 554 487 potiorem
588 452 818 488 quemquam
852 442 899 477 ad
933 442 1143 478 ministeria
1173 440 1384 476 facinorum
1418 451 1532 487 quam
1559 440 1678 476 Ram-

261 509 400 553 mium,
444 520 556 556 quem
596 521 719 557 neque
759 523 940 558 umquam
976 518 1063 547 ante
1104 511 1275 546 videram
1304 521 1373 545 nec
1408 521 1511 545 eram
1543 514 1678 556 postea

261 577 424 622 visuruS,
454 578 624 615 invenire
645 580 770 627 potui;
803 587 838 615 et
862 581 1151 624 Thebanorum,
1180 591 1276 626 quos
1302 578 1505 626 naufragio
1530 578 1675 626 perisse

261 654 433 693 constat,
473 655 509 684 et
539 649 765 684 Arthetauri
797 649 909 684 caedis
941 649 1031 684 mihi
1058 649 1254 684 reddenda
1282 648 1381 684 ratio
1413 654 1490 690 θεῖς
1532 647 1569 694 in
1601 659 1678 695 qua

260 723 388 754 tamen
427 717 520 753 nihil
560 718 660 753 ultra
691 719 875 762 obicitur,
916 731 1029 766 quam
1071 718 1334 754 interfectores
1377 717 1456 753 eius
1492 717 1530 752 in
1560 728 1678 764 regno

261 786 458 822 exsulasse
498 799 595 824 nze0.
672 786 789 823 Cuius
831 788 1065 824 condicionis
1105 788 1343 836 iniquitatem
1386 787 1440 822 ita
1479 798 1562 822 nonv
1594 798 1677 822 sum

260 862 527 900 recusaturus,
560 856 591 892 si
621 868 692 892 vos
724 869 878 904 quoque
913 857 1096 905 accipitis,
1126 865 1177 897 ut,
1217 858 1448 906 quicumque
1479 855 1610 892 exules
1639 855 1678 891 in

260 925 413 962 Italiam
442 931 507 961 aut
531 926 695 962 Romam
723 938 763 961 se
781 926 1033 970 contulerunt,
1065 927 1123 963 his
1147 927 1374 970 facinorum,
1407 930 1565 974 propter
1596 937 1679 972 quae

261 995 432 1031 damnati
463 1001 568 1040 sunt,
616 1002 791 1031 auctores
833 1008 902 1031 vos
940 996 1058 1032 fuisse
1098 996 1308 1033 fateamini.
1369 995 1410 1033 Si
1441 996 1513 1031 hoe
1544 1000 1579 1030 et
1609 1007 1678 1031 vos

259 1065 485 1102 recusabitis
518 1071 555 1101 et
585 1077 716 1101 omnes
749 1066 832 1101 aliae
858 1073 1002 1112 gentes,
1033 1077 1104 1113 ego
1131 1079 1285 1114 quoque
1307 1067 1405 1102 inter
1430 1071 1577 1101 ceteros
1600 1076 1677 1100 ero.

261 1136 323 1178 Et,
354 1135 527 1179 hercule,
559 1135 649 1183 quid
681 1135 815 1171 attinet
849 1136 1027 1183 cuiquam
1058 1135 1211 1171 exilium
1246 1142 1397 1183 patere,
1428 1134 1459 1170 si
1490 1147 1677 1182 nusquam

263 1204 364 1240 exuli
395 1204 493 1239 Iocus
523 1204 600 1240 est?
670 1206 754 1252 Ego
796 1211 923 1240 tamen
956 1204 1070 1249 istos,
1115 1211 1155 1241 ut.
1185 1205 1348 1252 primum
1379 1204 1416 1239 in
1448 1203 1681 1240 Macedonia

262 1285 345 1309 esse
391 1273 610 1309 admonitus
655 1287 677 1310 a
717 1275 827 1310 vobis
874 1275 1050 1321 cooperi,
1094 1274 1297 1322 requisitos
1329 1274 1434 1309 abire
1474 1285 1521 1309 ex
1561 1285 1680 1321 regno

262 1343 353 1379 iussi
387 1349 424 1378 et
455 1342 493 1378 in
529 1350 753 1392 perpetuum
788 1344 967 1380 interdixi
1000 1344 1136 1379 finibus
1168 1344 1274 1380 meis.
1336 1343 1387 1380 Et
1416 1344 1496 1379 haec
1527 1343 1679 1390 quidem

263 1413 353 1449 mihi
384 1419 581 1460 tamquam
615 1425 769 1449 causam
802 1414 939 1450 dicenti
971 1427 1036 1450 reo
1067 1414 1218 1450 obiecta
1249 1419 1354 1455 sunt;
1386 1413 1452 1449 illa
1482 1419 1677 1460 tamquam

262 1483 355 1530 regi,
386 1495 470 1530 quae
501 1483 547 1518 de
578 1483 740 1529 foedere,
769 1484 871 1532 quod
907 1484 996 1519 mihi
1028 1490 1085 1520 est·
1115 1485 1335 1528 vobiscum,
1364 1483 1678 1531 disceptationem

262 1553 468 1588 habebant.
515 1552 617 1589 Nam
651 1554 681 1589 si
712 1560 768 1590 est
795 1554 831 1589 iu
863 1552 1006 1589 foedere
1029 1554 1082 1589 ita
1104 1553 1300 1601 seriptum,
1331 1559 1372 1588 ut
1401 1564 1448 1588 ne
1478 1552 1509 1588 si
1540 1552 1680 1589 bellum

265 1622 415 1670 quidem
448 1622 532 1670 quis
562 1621 723 1665 inferat,
768 1623 864 1658 tueri
905 1636 965 1659 me
1005 1635 1242 1671 regnumque
1273 1634 1398 1658 meum
1429 1622 1554 1664 liceat,
1587 1615 1679 1658 mihi

263 1692 459 1729 fatendam
501 1699 575 1737 est,
622 1691 724 1739 quod
761 1704 821 1727 me
863 1693 979 1729 armis
1019 1681 1204 1729 adversus
1235 1692 1491 1740 Abrupolim,
1534 1692 1677 1728 socium

264 1763 395 1812 populi
427 1763 604 1805 Romani,
635 1761 890 1807 defenderim,
927 1762 1051 1799 foedus
1082 1762 1267 1798 violatum
1299 1774 1392 1798 esse.
1455 1761 1522 1798 Sin
1553 1767 1678 1798 autem

263 1834 336 1870 hoe
367 1840 403 1870 et
444 1846 492 1869 ex
522 1832 665 1869 foedere
695 1832 799 1867 licuit
837 1839 873 1868 et
913 1833 994 1869 iure
1032 1833 1201 1881 gentium
1241 1833 1295 1868 ita
1325 1837 1578 1879 conparatum
1611 1838 1679 1876 est,

263 1910 305 1940 ut
335 1916 443 1940 arma
473 1903 588 1939 armis
615 1901 907 1950 propulsentur,
953 1902 1044 1948 quid
1084 1903 1238 1938 tandem
1280 1914 1341 1938 me
1383 1900 1511 1937 faeere
1541 1901 1680 1947 decuit,

266 1985 349 2010 cum
384 1972 596 2021 Abrupolis
636 1972 730 2007 fines
770 1972 842 2007 mei
875 1973 981 2021 regni
1010 1984 1132 2020 usque
1165 1972 1214 2008 ad
1244 1971 1509 2020 Amphipolim
1541 1983 1678 2019 perva-

264 2049 415 2088 stasset,
446 2043 565 2078 multa
595 2042 716 2078 libera
746 2042 886 2090 capita,
921 2055 1099 2090 magnam
1131 2043 1207 2078 vim
1242 2041 1531 2089 mancipiorum,
1562 2040 1682 2076 multa

265 2113 369 2148 milia
398 2125 578 2161 pecorum
605 2111 820 2160 abegisset?
866 2111 1110 2159 Quiescerem
1138 2118 1174 2148 et
1199 2118 1363 2159 paterer,
1389 2110 1510 2147 donee
1531 2110 1679 2147 Pellam

266 2273 297 2307 3.
326 2277 344 2304 3
372 2273 605 2303 conuiciantur
631 2272 709 2312 (cfr.
737 2271 809 2302 Em.
837 2271 924 2309 534)
988 2270 1020 2304 4.
1052 2275 1064 2302 l
1096 2272 1246 2311 grauidae
1274 2270 1419 2311 publicae
1470 2274 1488 2301 3
1517 2279 1679 2301 rammum

267 2330 298 2366 5,
330 2334 341 2360 l
372 2330 594 2360 thahanorum
661 2333 679 2359 2
707 2329 869 2359 arcetauri
922 2332 940 2358 4
969 2329 1138 2359 cxsolasse
1195 2329 1226 2361 6.
1258 2333 1269 2359 1
1302 2338 1433 2359 sumere
1460 2333 1679 2359 accusaturus

268 2391 287 2418 3
315 2387 497 2417 facinorum
549 2386 578 2418 7,
601 2391 618 2417 2
648 2387 756 2426 gentis
784 2385 848 2425 (H.
872 2395 988 2416 omnes
1014 2391 1046 2416 ct
1071 2386 1146 2416 aliae
1173 2396 1218 2425 g..
1247 2385 1327 2415 mide
1347 2385 1372 2415 is
1391 2395 1480 2416 omn.
1502 2385 1610 2416 Italiae
1628 2385 1679 2425 g.)

268 2449 288 2475 4
314 2444 403 2475 exuli
432 2454 494 2481 0510
521 2449 587 2473 tam
615 2445 646 2474 iu
675 2445 738 2475 isto
765 2450 802 2474 ut
829 2443 951 2483 (Gryn.
972 2443 1061 2473 exuli
1089 2442 1218 2474 futuru<
1245 2444 1342 2473 locus
1370 2443 1459 2479 cst?)
1507 2443 1539 2480 8,
1572 2446 1583 2473 1
1606 2452 1678 2474 ma-

269 2501 443 2533 cedoniam
485 2501 517 2538 9,
537 2504 555 2529 3
583 2502 653 2539 regi
681 2507 713 2531 ct
739 2511 813 2541 qua:
834 2500 904 2541 My.
927 2500 1092 2531 E111..53.3
1130 2505 1149 2531 4
1172 2501 1321 2531 habeant
1348 2499 1420 2541 My.
1451 2498 1471 2529 Ι.
1499 2510 1526 2530 ε.
1578 2499 1631 2537 10,
1659 2502 1678 2530 3

268 2558 456 2599 abrypolim
547 2557 600 2592 11,
629 2562 646 2588 2
673 2559 736 2588 hoc
763 2564 813 2588 cst
838 2568 880 2588 ex
906 2557 1031 2589 soedcre
1100 2562 1118 2588 3
1145 2558 1384 2599 propulsantur
1445 2559 1466 2586 4
1492 2556 1678 2597 abrypolim

267 2615 342 2647 finis
363 2618 367 2652 1
390 2615 620 2656 amphypolim
671 2614 724 2652 1⁶2,
759 2619 771 2645 1
801 2620 951 2656 paterem
1651 2620 1654 2623 '
