1742 2902
164 1361 208 1394 10

166 1499 204 1533 ll

169 1707 213 1743 12

141 1840 193 1884 30

291 139 339 173 63
639 134 738 163 Liber
764 131 873 162 XLII.
925 133 986 170 (A.
1016 141 1046 162 u.
1076 141 1103 161 c.
1134 132 1228 166 583.)

234 256 418 292 Romanis
448 267 517 290 suo
550 254 703 290 nomine
734 254 879 290 auxilia
903 253 1095 302 pollicitus
1126 259 1220 297 erat,
1252 265 1299 289 ex
1316 264 1392 300 quo
1411 258 1467 286 est
1496 249 1645 286 iunctus

236 324 398 360 Eumeni
442 323 663 365 adfinitate,
709 323 747 359 in
786 323 914 359 onmia
954 323 1042 359 belli
1076 322 1258 371 pacisque
1288 333 1328 357 se
1358 320 1647 357 consociaverat

237 392 405 428 consilia.
468 392 685 428 Antiochus
716 392 923 428 inminebat
961 392 1113 440 quidem
1132 391 1295 439 AEgypti
1328 401 1460 438 regno,
1491 396 1527 425 et
1555 400 1647 436 pue-

236 461 360 497 ritiam
392 461 493 509 regis
525 467 560 496 et
593 461 767 498 inertiam
811 468 976 498 tutorum
1017 473 1220 509 spernens;
1267 467 1303 496 et
1333 458 1562 507 ambigendo
1603 457 1650 493 de

237 529 342 566 Coele
372 529 486 578 Syria
516 542 671 566 causam
699 530 786 567 belli
817 543 858 566 se
887 531 1104 566 habiturum
1134 529 1403 569 existumabat,
1432 534 1650 576 gesturum-

238 611 311 646 que
341 599 422 635 sine
453 599 529 635 ullo
561 599 856 648 impedimento,
888 599 1083 647 occupatis
1114 599 1300 635 Romanis
1330 598 1367 634 in
1399 595 1672 633 Macedonico

239 668 358 705 bello:
404 680 488 716 quae
528 669 666 704 vellent
706 678 832 704 tamen
873 668 1002 704 omnia
1043 674 1080 704 et
1109 680 1178 716 per
1207 679 1296 703 suos
1326 667 1473 714 legatos
1503 664 1651 701 senatui

239 744 275 773 et
306 737 386 785 ipse
416 737 551 786 legatis
586 750 716 773 eorum
749 738 860 774 enixe
888 737 1079 785 pollicitus
1101 743 1193 773 erat.
1237 736 1468 772 Ptolemaeus
1498 739 1654 783 propter

238 813 388 842 aetatem
420 806 535 842 alieni
565 807 679 843 etiam
715 813 794 843 tum
826 807 972 843 arbitrii
1001 813 1095 844 erat.
1153 807 1320 842 Tutores
1351 811 1388 841 et
1415 804 1554 841 bellum
1586 803 1653 840 ad·

238 887 371 912 versus
403 877 636 912 Antiochum
671 877 884 924 parabant,
934 888 1010 923 quo
1052 876 1290 912 vindicarent
1327 873 1458 911 Coelen
1489 873 1654 922 Syriam,

239 951 276 980 et
296 945 482 981 Romanis
513 945 641 981 omnia
672 946 951 993 pollicebantur
982 946 1030 980 ad
1049 945 1339 981 Macedonicum
1371 942 1523 979 bellum.
1569 942 1655 978 Ma-

240 1014 377 1049 sinissa
408 1022 445 1050 et
475 1014 665 1050 frumento
697 1015 854 1050 iuvabat
871 1016 1070 1051 Romanos
1096 1020 1132 1049 et
1163 1013 1307 1049 auxilia
1329 1025 1412 1048 cum
1444 1010 1656 1059 elephantis

241 1083 544 1131 Misagenenque
593 1083 708 1119 filium
758 1084 907 1119 mittere
948 1083 994 1118 ad
1039 1083 1177 1119 bellum
1225 1083 1401 1130 parabat.
1487 1079 1658 1117 Consilia

242 1158 367 1188 autem
412 1153 448 1188 in
496 1165 646 1189 omnem
694 1153 887 1189 fortunam
932 1153 985 1188 ita
1023 1152 1210 1200 disposita
1250 1152 1436 1187 habebat:
1480 1150 1511 1186 si
1542 1161 1658 1198 penes

240 1222 440 1257 Romanos
475 1222 636 1258 victoria
667 1229 777 1262 esset,
823 1235 893 1258 sua
924 1234 1077 1269 quoque
1108 1222 1144 1257 in
1177 1221 1309 1257 eodem
1345 1226 1446 1256 statu
1478 1230 1659 1255 mansura

241 1302 343 1327 esse.
390 1303 514 1338 neque
554 1291 653 1326 ultra
693 1292 902 1339 quidquam
941 1291 1196 1334 movendumg
1241 1302 1317 1326 non
1348 1290 1446 1326 enim
1477 1299 1660 1336 passuros

241 1360 451 1405 Romanos,
485 1360 563 1396 vim
586 1360 968 1408 Carthaginiensibus
1001 1359 1162 1403 adferri;
1193 1360 1224 1395 si
1253 1359 1384 1395 fractae
1412 1365 1538 1395 essent
1568 1369 1660 1405 opes

243 1430 521 1474 Romanorum,
553 1442 637 1477 quae
666 1436 745 1466 tum
776 1436 1022 1478 protegerent
1052 1428 1411 1477 Carthaginienses,
1441 1439 1549 1464 suam
1580 1439 1663 1462 om-

245 1510 329 1534 nem
359 1498 535 1535 Afrieam
567 1498 662 1535 fore.
741 1499 926 1543 Gentius,
967 1512 1035 1535 rex
1065 1498 1304 1547 Illyriorum,
1348 1497 1492 1534 fecerat
1522 1495 1662 1544 potius,

246 1580 311 1603 cur
341 1574 540 1616 suspectus
572 1574 672 1604 esset
701 1569 901 1614 Romanis,
933 1580 1047 1615 quam
1082 1568 1176 1604 satis
1207 1572 1416 1611 statuerat,
1446 1572 1570 1602 utram
1603 1563 1661 1601 fo-

246 1643 352 1673 veret
381 1643 552 1685 partem,
582 1637 803 1685 impetuque
835 1637 957 1685 magis
988 1649 1103 1685 quam
1142 1636 1300 1674 consilio
1333 1637 1390 1672 his
1422 1642 1487 1672 aut
1517 1634 1591 1670 illis
1622 1645 1664 1670 se
1724 1637 1729 1683 ξ

248 1705 494 1742 adiuncturus
526 1707 740 1746 videbatur.
800 1705 919 1755 Cotys
936 1707 1084 1751 Thrax,
1102 1706 1342 1755 Odrysarum
1372 1717 1452 1750 rex,
1484 1701 1565 1753 [Ἢ
1593 1701 1661 1752 ad]

247 1775 502 1812 Macedonum
534 1777 655 1824 partis
686 1782 779 1813 erat..

363 1845 459 1881 Haec
487 1845 676 1880 sententia
705 1846 860 1893 regibus
892 1857 978 1882 cum
1009 1851 1108 1881 esset
1139 1844 1185 1880 de
1215 1843 1327 1887 bello,
1349 1843 1387 1879 in
1411 1842 1541 1878 liberis
1572 1853 1664 1890 gen-

244 2029 275 2067 5,
302 2033 314 2060 1
345 2030 522 2061 anthiocus
582 2029 613 2064 6,
651 2033 668 2059 2
705 2034 947 2068 gesturumque
982 2028 1016 2058 in
1042 2027 1136 2058 nullo
1163 2026 1312 2067 (Vahlen
1338 2027 1370 2057 id
1400 2025 1508 2064 nullo)
1572 2029 1591 2056 3
1618 2025 1667 2076 int

248 2099 468 2129 macedonico
506 2102 525 2128 4
539 2097 628 2128 bello
649 2097 737 2136 quod
753 2096 878 2127 bellum
896 2101 1007 2126 tamen
1022 2095 1092 2135 My.
1107 2094 1180 2125 Em.
1196 2094 1400 2136 524(Gryn.
1419 2094 1510 2125 bello
1537 2094 1569 2124 id
1595 2093 1666 2124 bel·
1722 2126 1723 2130 ,

247 2155 336 2192 lum3
364 2161 478 2185 tamen
497 2171 549 2185 -.
578 2153 697 2185 Vahlen
723 2154 826 2185 bello.
867 2152 968 2190 Quod
995 2153 1037 2182 ad
1056 2152 1185 2183 bellum
1212 2154 1338 2189 tamen)
1366 2155 1383 2182 5
1401 2150 1662 2192 exineB19.I.c.

248 2218 276 2242 et
300 2218 370 2242 ante
401 2211 530 2252 Kreyss.
567 2210 685 2252 (Gryn.
724 2210 863 2248 eximie)
929 2209 960 2247 7,
994 2213 1006 2240 l
1037 2209 1225 2250 ptolemeus
1288 2212 1306 2239 2
1343 2208 1459 2240 arbitri
1495 2213 1591 2239 erant
1646 2210 1667 2238 :3

249 2268 443 2299 anthiocum
471 2266 474 2300 ’π
503 2269 624 2299 coelem
685 2267 717 2305 8,
745 2271 762 2297 2
783 2267 942 2297 eauxilia
964 2265 968 2307 Ι
991 2267 1154 2307 elepantis
1176 2267 1439 2307 misacenenque
1487 2265 1518 2303 9,
1539 2269 1558 2296 3
1586 2274 1665 2296 suas

250 2335 383 2365 quoquc
421 2335 597 2357 mansuras
634 2335 669 2356 se
707 2333 816 2364 neque
851 2323 922 2365 My.
961 2322 1082 2365 (Gr-yn.
1117 2334 1195 2355 suas
1224 2342 1262 2347 --
1292 2332 1467 2355 mansuras
1493 2322 1561 2361 res)
1612 2322 1666 2359 10.

255 2386 265 2413 l
297 2383 324 2413 si
351 2381 435 2412 freta
462 2388 573 2413 csscut
635 2386 653 2412 2
677 2381 944 2420 cartaginienses
1001 2380 1054 2418 11,
1074 2384 1086 2411 l
1106 2381 1260 2420 illyorum
1312 2384 1331 2411 2
1348 2380 1433 2412 foret
1453 2385 1583 2420 partem
1607 2379 1669 2410 im-

252 2444 433 2480 petumque
483 2442 502 2469 3
522 2439 562 2469 iis
593 2444 650 2469 aut
677 2438 767 2469 illius
824 2437 879 2472 12.
910 2441 922 2468 l
953 2438 1347 2478 cothysstraxodysarum
1400 2436 1527 2469 Notavi
1559 2443 1588 2467 et
1619 2447 1668 2467 se·
1716 2456 1721 2474 3

251 2496 374 2537 paravi
409 2496 501 2525 verba
534 2501 702 2535 corrupta,
730 2501 764 2525 ut
794 2500 895 2525 cetera
921 2493 979 2535 1292
1007 2500 1152 2535 possent;
1190 2493 1312 2526 videtur
1343 2493 1469 2535 aliquid
1501 2491 1665 2525 excidisse.

253 2551 375 2593 (Gryn.
404 2562 464 2582 rex
489 2552 661 2582 evidenter
687 2552 818 2582 Maced.
849 2550 980 2592 Kreyss.
1008 2560 1087 2586 rex,
1122 2550 1236 2582 Persei
1264 2551 1373 2592 adque
1394 2552 1528 2583 Maced.
1554 2560 1670 2592 parum
1716 2547 1718 2565 ³

253 2607 486 2650 probabiliter.)
