1753 2934
179 514 232 558 46

236 798 256 833 10

347 117 423 152 206
684 114 784 144 Liber
810 113 935 144 XLIV.
989 113 1047 151 (A.
1078 124 1108 144 u.
1137 123 1164 144 c.
1194 116 1287 150 586.)

291 237 603 274 conscenderent.
643 235 805 270 lembum
838 247 950 270 unum
986 235 1022 270 in
1054 235 1150 270 ostio
1185 235 1304 271 amnis
1335 235 1571 272 multitudine
1600 249 1689 285 gra-

290 313 418 342 vatum
456 312 676 342 merserunt.
736 304 945 352 Galepsum
986 317 1030 339 eo
1071 305 1149 340 die.
1188 312 1340 352 postero
1383 303 1688 346 Samothracam,

292 388 404 423 quam
435 375 630 424 petebant.
670 374 902 422 perveniunt.
961 375 1025 410 Ad
1058 374 1132 410 duo
1163 374 1266 410 milia
1299 375 1478 410 talentum
1510 383 1690 423 pervecta

292 459 335 481 eo
367 446 552 482 dicuntur.

399 515 563 553 Paulus,
605 527 672 562 per
711 525 840 549 omnes
880 513 1025 549 deditas
1069 513 1240 549 civitates
1270 514 1455 552 dimissis.
1498 515 1561 562 qui
1592 527 1689 563 prae-

290 592 434 625 essent,
476 599 522 621 ne.
553 597 628 632 qua
658 583 793 619 iniuria
834 583 870 618 in
901 596 1001 618 nova
1032 595 1124 630 paee
1155 583 1262 619 vietis
1292 585 1419 622 fieret.
1457 585 1690 633 retentisque

291 662 381 703 aput
410 667 449 691 se
480 654 792 691 caduceatoribus
823 653 934 701 regis·
965 654 1008 689 P.
1039 653 1234 693 Nasicam,
1265 653 1419 701 ignarus
1449 653 1548 702 fugae
1577 655 1690 703 regis,

290 724 551 773 Amphipolim
597 724 695 760 misit
737 735 820 759 eum
868 723 1015 758 modica
1063 723 1230 770 peditum
1276 724 1519 772 equitumque
1563 737 1690 763 manu,

290 794 400 830 simul
440 802 479 830 ut
510 794 674 832 Sintieen
715 799 905 829 evastaret
941 799 977 828 et
1015 793 1062 828 ad
1093 805 1222 829 omnes
1255 800 1413 829 conatus
1442 794 1541 842 regis
1571 794 1690 842 impe.-

234 869 254 903 3
287 866 453 901 ‹limento
484 871 592 902 esset.
652 864 755 900 Inter
771 864 849 899 liaee
866 863 1044 899 Meliboea
1065 876 1086 898 a
1109 862 1176 902 Cn,
1200 862 1362 899 Octavio
1394 864 1544 912 eapitur
1559 865 1689 912 diripi-

237 1364 257 1397 υἱ

290 943 444 982 turque:
488 935 535 969 ad
576 934 797 981 AEginium.
843 933 890 968 ad
935 934 1035 981 quod
1079 933 1372 982 oppugnandum
1417 933 1486 970 Cn.
1530 934 1689 971 Anicius

289 1006 436 1052 legatus
467 1004 602 1040 missus
634 1011 726 1043 erat,
757 1004 918 1042 ducenti.
949 1005 1145 1052 eruptione
1173 1016 1219 1039 ex
1251 1003 1390 1051 oppido
1413 1004 1527 1041 facta.
1561 1005 1690 1040 amissi

290 1083 387 1117 sunt,
417 1074 558 1123 ignaris
590 1073 875 1121 fflginionsibus
907 1074 1134 1110 debellatum
1167 1086 1259 1109 esse.
1318 1072 1471 1113 Consul,
1501 1086 1524 1109 a
1553 1074 1691 1122 Pydna

289 1145 502 1194 profectus,
539 1156 622 1180 cum
665 1150 744 1178 toto
787 1144 952 1179 exercitu
996 1145 1056 1180 die
1094 1145 1213 1180 altero
1243 1144 1389 1180 Pellam
1422 1143 1614 1192 pervenit,
1655 1151 1689 1179 et

289 1228 372 1252 eum
413 1220 539 1250 eastra
580 1213 679 1249 mille
720 1225 854 1261 passus
886 1214 971 1251 inde
1010 1215 1218 1263 posuisset,
1258 1227 1326 1262 per
1355 1214 1501 1261 aliquot
1530 1213 1610 1248 dies
1638 1212 1690 1248 ibi

290 1286 431 1322 stativa
460 1284 604 1320 habuit.
635 1284 744 1319 situm
777 1283 878 1319 urbis
921 1285 1085 1332 undique
1115 1285 1321 1333 aspiciens:
1355 1297 1468 1332 quam
1503 1295 1578 1318 non
1611 1283 1692 1318 sine

290 1368 406 1393 eausa
436 1355 619 1390 delectam
652 1366 733 1389 esse
762 1353 904 1400 regiam
937 1355 1110 1393 advortit.
1169 1355 1251 1392 Sita
1282 1361 1335 1391 est
1366 1355 1402 1390 in
1432 1353 1576 1389 tumulo
1606 1365 1692 1388 ver-

291 1432 402 1475 gente
431 1426 468 1461 in
498 1424 728 1461 occidentem
751 1424 961 1462 hibernum.
1011 1423 1176 1474 Cingunt
1196 1425 1353 1473 paludes
1374 1422 1690 1471 inexsuperabilis

293 1496 499 1533 altitudinis
530 1502 659 1531 aestate
689 1501 724 1530 et
765 1494 906 1533 hieme..
948 1505 1043 1541 quas
1079 1502 1342 1543 restagnantes
1375 1494 1520 1532 faciunt
1555 1505 1693 1530 amnes.

294 1568 377 1603 Ara·
397 1567 549 1603 Phacus
579 1564 615 1600 in
636 1564 718 1612 ipsa
744 1563 894 1612 palude,
925 1576 1001 1612 qua
1022 1565 1198 1613 proxima
1226 1565 1310 1601 urbi
1339 1571 1406 1607 est,
1437 1563 1540 1600 velut
1568 1562 1692 1599 insula

294 1637 442 1676 eminet,
473 1635 602 1684 aggeri
625 1633 750 1682 operis
777 1633 937 1682 ingentis
965 1635 1154 1682 imposita.
1186 1635 1248 1683 qui
1277 1642 1313 1671 et
1335 1647 1481 1671 murum
1508 1633 1691 1669 sustineat

293 1715 328 1744 et
374 1708 533 1743 humore
579 1704 814 1741 circumfusae
862 1704 1009 1753 paludis
1053 1705 1143 1741 nihil
1184 1705 1353 1741 laedatur.
1429 1704 1542 1740 Muro
1587 1703 1692 1739 urbis

293 1778 492 1813 coniuncta
513 1775 644 1824 procul
666 1775 825 1811 videtur.
887 1775 1023 1812 Divisa
1043 1782 1098 1811 est
1123 1775 1355 1811 intermurali
1377 1774 1478 1810 amni
1499 1779 1535 1809 et
1558 1773 1690 1810 eadem

294 1854 406 1896 ponte
426 1847 565 1885 iuncta.
596 1851 635 1880 ut
655 1857 735 1884 nee,
765 1852 1007 1893 oppugnante
1037 1852 1206 1882 externo.
1235 1845 1377 1880 aditum
1401 1845 1448 1880 ab
1480 1844 1556 1880 ulla
1585 1849 1694 1892 parte

293 1918 433 1954 habeat
461 1929 551 1956 nec,
591 1915 620 1951 si
653 1928 761 1963 quem
793 1915 843 1951 ibi
874 1928 942 1952 rex
963 1915 1142 1957 includat,
1171 1914 1286 1951 ullum
1308 1914 1379 1950 nisi
1409 1927 1477 1962 per
1504 1913 1693 1950 facillimae

295 1988 474 2024 eustodiae
515 1991 665 2035 pontem
708 1984 899 2034 effugiunt.
957 1987 1008 2023 Et
1049 1998 1144 2034 gaza
1184 1985 1287 2033 regia
1329 1985 1365 2020 in
1405 1997 1448 2021 eo
1479 1984 1564 2021 loco
1594 1990 1692 2022 erat:

295 2058 360 2093 sed
390 2064 467 2093 tuin
499 2057 591 2093 nihil
622 2062 756 2105 praeter
785 2062 952 2093 trecenta
982 2057 1135 2094 talenta.
1169 2067 1251 2103 quae
1283 2054 1397 2091 missa
1428 2053 1569 2092 Gentio
1599 2053 1694 2101 regi.

297 2256 349 2293 15,
378 2260 388 2287 1
420 2256 580 2297 calipsum
605 2254 714 2296 Siqon.
738 2255 742 2294 1
765 2260 1315 2296 posteromoataquamqunmquam
1336 2254 1496 2294 petebant
1562 2250 1692 2283 XLVI.

297 2315 326 2348 1.
355 2318 366 2344 1
401 2314 530 2344 debitas
557 2314 671 2344 citates
720 2316 737 2343 ‘2
765 2322 806 2343 ne
832 2313 907 2352 quia
931 2313 936 2352 Ι
956 2313 1074 2343 fierent
1119 2299 1150 2347 ζ),
1174 2315 1184 2342 l
1208 2312 1357 2342 sindicen
1420 2311 1452 2349 3,
1484 2314 1496 2341 1
1536 2308 1695 2340 moelibea

299 2374 301 2376 '
331 2372 558 2412 dirigiturquae
635 2374 653 2401 3
686 2371 857 2411 eruptione
892 2370 936 2399 bis
967 2370 1112 2411 seriptum
1150 2369 1155 2412 Ι
1192 2369 1372 2401 factamissi
1447 2372 1467 2398 4
1495 2367 1694 2407 eginiensib.

295 2439 328 2473 4.
356 2443 366 2470 l
397 2440 496 2480 pidnn
562 2444 580 2470 3
608 2429 762 2470 conastra
789 2449 822 2470 00
853 2439 1012 2480 {aliquod
1046 2439 1114 2470 dies
1140 2439 1195 2469 ubi
1222 2438 1253 2472 ἴ).
1283 2442 1294 2469 1
1335 2438 1399 2469 sita
1432 2443 1463 2468 et
1495 2437 1527 2467 in
1556 2439 1574 2467 2
1601 2436 1695 2466 inex-

298 2509 500 2549 superabiles
563 2512 580 2539 3
607 2515 635 2539 er
659 2509 689 2541 6,
724 2512 734 2539 1
766 2507 891 2539 faciunt
915 2496 1041 2549 padcus
1067 2509 1098 2539 in
1127 2507 1197 2550 My.
1227 2507 1298 2539 Em.
1325 2506 1398 2538 564.
1424 2507 1538 2547 (Gryn.
1569 2504 1696 2536 faciunt

296 2578 399 2608 lacus.
427 2578 463 2608 In
491 2578 575 2619 ipsa)
624 2578 654 2611 G.
686 2582 696 2608 l
727 2578 876 2617 proxime
899 2576 904 2618 f
926 2578 1014 2608 uelct
1059 2582 1076 2608 2
1104 2577 1230 2617 angeri
1283 2580 1301 2607 3
1326 2585 1439 2606 umore
1488 2574 1519 2609 7,
1545 2577 1564 2604 2
1598 2575 1698 2605 inter-

299 2637 435 2678 muroali
483 2651 502 2678 3
529 2647 619 2678 aditu
646 2648 686 2678 ad
714 2647 781 2677 ulla
823 2651 839 2677 τ’)
867 2647 1016 2677 custodie
