1742 2902
453 127 554 158 Liber
578 127 689 159 XLII.
741 128 799 166 (A.
829 127 907 160 Chr.
941 127 1033 167 171.)
1323 131 1397 165 109

741 218 763 233 Χ

46 250 191 288 cionem
222 249 391 285 honestae
411 249 516 297 pacis
540 254 708 285 uteretur
738 249 877 296 potius,
909 261 1037 295 quam,
1068 260 1137 297 spe
1165 261 1268 284 vana
1289 256 1454 294 evectus,

45 319 83 356 in
113 330 242 355 casum
277 318 565 355 irrevocabilem
597 330 638 354 se
673 318 793 357 daret.
856 318 1015 353 Modum
1051 318 1247 365 imponere
1279 319 1454 354 secundis

43 389 156 426 rebus
191 399 259 423 nec
290 387 401 423 nimis
438 388 592 424 credere
628 387 823 423 serenitati
860 387 1056 434 praesentis
1076 389 1239 434 J'orthoe
1262 389 1456 435 prudentis

44 448 206 495 hominis
238 463 273 492 et
304 457 438 492 merito
462 457 582 493 felicis
607 469 699 494 esse.
743 457 913 493 Mitteret
937 457 984 491 ad
1008 457 1215 501 consulem,
1246 457 1310 504 qui
1331 456 1455 492 foedus

43 527 81 564 in
111 527 264 563 easdem
295 527 398 574 leges
419 533 662 571 renovarent,
694 526 830 574 quibus
852 525 1054 573 Philippus
1079 533 1189 574 pater
1215 526 1295 562 eius
1319 538 1453 574 pacem

0 644 1 648 Ἰ
45 597 92 634 ab
122 597 168 634 T.
200 596 378 643 Quinctio
409 596 554 633 victore
588 595 809 643 accepisset.
863 596 1002 642 Neque
1023 596 1121 631 finiri
1145 595 1282 630 bellum
1307 595 1454 643 magni—

43 665 214 702 ficentius
254 677 369 712 quam
408 666 456 701 ab
498 673 574 701 tam
613 665 854 701 memorabili
893 677 1023 714 pugna
1053 677 1174 712 posse,
1205 676 1318 711 neque
1347 676 1452 711 spem

41 735 244 771 firmiorem
277 735 383 782 pacis
415 742 607 783 perpetuae
638 735 740 779 dari,
783 747 896 782 quam
937 747 1019 781 quae
1060 734 1255 782 perculsos
1290 734 1454 769 adverso

43 804 176 853 proelio
199 805 398 840 Romanos
425 805 617 840 molliores
648 804 798 840 factura
819 804 867 839 sit
897 804 944 840 ad
977 804 1258 851 paciscendum.
1286 803 1400 850 Quod
1424 803 1456 838 si

41 874 206 910 Romani
237 880 314 909 tum
340 886 493 921 quoque
520 874 634 909 insita
657 874 867 921 pertinacia
893 885 1004 920 aequa
1024 880 1332 920 aspernarentur,
1363 873 1456 909 deos

41 943 290 990 hominesque
328 951 365 979 et
399 943 674 979 moderationis
714 943 847 979 Persei
887 950 923 979 et
961 942 1112 978 illorum
1151 942 1362 990 pervicacis
1393 954 1455 977 su-

41 1013 181 1061 perbiae
210 1013 360 1049 futuros
391 1019 516 1053 testes.
567 1012 792 1060 Numquam
824 1013 872 1048 ab
904 1012 1043 1048 talibus
1074 1012 1240 1048 consiliis
1273 1013 1456 1048 abhorre-

41 1084 106 1120 bat
143 1082 244 1130 regis
281 1083 442 1120 animus.
501 1083 639 1129 Itaque
676 1082 842 1130 plurium
881 1082 1045 1118 adsensu
1087 1083 1326 1130 conprobata
1366 1094 1455 1117 sen-

41 1153 171 1198 tentia,
201 1153 337 1200 legat-i,
378 1152 426 1187 ad
465 1151 659 1187 consulem
690 1152 814 1197 missi,
862 1152 1034 1188 adhibito
1075 1151 1267 1199 frequenti
1297 1152 1456 1188 consilio

41 1223 159 1259 auditi
193 1229 291 1260 sunt.
343 1223 487 1258 Pacem
519 1221 675 1269 petiere,
706 1221 884 1269 vectigal,
916 1229 1100 1269 quantum
1131 1223 1333 1271 Philippus
1364 1235 1454 1271 pac-

39 1299 99 1329 tus
130 1299 240 1337 esset,
272 1292 450 1328 daturum
482 1292 628 1327 Persea
658 1292 845 1328 Romanis
876 1291 1119 1340 pollicentes;
1152 1294 1322 1337 urbibus,
1353 1293 1456 1341 agris

40 1362 221 1409 locisque,
254 1362 391 1409 quibus
422 1361 624 1409 Philippus
655 1362 842 1405 cessisset,
876 1374 1070 1398 cessurum
1103 1369 1137 1398 et
1170 1362 1306 1410 ipsum.
1361 1363 1456 1398 Haec

39 1431 167 1479 legati.
227 1432 437 1469 Summotis
467 1431 546 1475 his,
590 1443 674 1466 cum
713 1431 992 1475 consultarent,
1030 1433 1209 1469 Romana
1239 1432 1456 1468 constantia

37 1501 128 1538 vicit-
157 1502 196 1537 in
232 1502 403 1537 consilio.
464 1502 525 1537 Ita
563 1508 642 1536 tum
687 1513 770 1536 mos
811 1508 912 1545 erat,
942 1501 981 1536 in
1013 1501 1184 1537 adversis
1215 1501 1360 1537 voltum
1396 1514 1455 1537 se-

37 1572 170 1608 cundae
200 1571 364 1608 fortunae
394 1583 538 1619 gerere,
569 1570 761 1606 moderari
792 1571 919 1606 animo
951 1571 990 1606 in
1019 1571 1208 1609 secundis,
1279 1572 1453 1619 Respon-

40 1641 120 1677 deri
149 1641 311 1689 placuit,
342 1641 396 1676 ita
424 1653 558 1688 pacem
590 1640 693 1685 dari,
724 1641 756 1676 si
787 1640 833 1676 de
868 1653 1018 1676 summa
1046 1654 1173 1677 rerum
1204 1641 1365 1677 liberum
1396 1653 1454 1677 se-

39 1711 145 1747 natui
174 1711 371 1760 permittat
399 1723 468 1746 rex
499 1710 545 1746 de
575 1722 616 1746 se
639 1711 762 1758 deque
793 1711 973 1747 universa
1001 1711 1233 1746 Macedonia
1263 1710 1456 1746 statuendi

38 1780 108 1817 ius.
168 1782 264 1817 Haec
303 1794 387 1817 cum
430 1780 711 1816 renuntiassent
742 1781 878 1829 legati,
909 1781 1093 1817 miraculo
1124 1781 1268 1829 ignaris
1297 1781 1458 1816 Romani

40 1851 156 1887 moris
187 1851 400 1900 pertinacia
429 1862 531 1896 esse,
573 1857 610 1886 et
639 1851 812 1899 plerique
842 1857 974 1887 vetare
1017 1851 1180 1900 amplius
1222 1851 1453 1887 mentionem

39 2053 72 2091 4,
86 2059 99 2085 1
112 2061 270 2096 iponeret
296 2059 314 2085 2
326 2065 387 2086 nec
398 2056 507 2087 minus
522 2056 718 2098 ,serenitate
732 2057 908 2097 praesentis
922 2057 1069 2088 hominis
1097 2062 1115 2087 3
1129 2064 1216 2088 esset
1242 2058 1274 2094 ὃ,
1288 2061 1305 2087 ‘2
1319 2066 1454 2097 spacem

40 2111 95 2143 bt.
113 2113 263 2152 quinctio
298 2113 329 2150 6,
349 2117 361 2143 l
378 2123 487 2154 neque
505 2115 611 2145 sinere
639 2118 656 2144 2
678 2125 776 2154 quam
794 2121 873 2155 apta
887 2115 1094 2145 memorabili
1122 2125 1235 2155 pugna
1251 2124 1344 2156 spem
1363 2113 1452 2145 Creo.

39 2175 68 2200 et
81 2169 153 2211 My.
165 2170 236 2201 Em.
252 2170 324 2201 546⁴
339 2170 456 2213 (Gr-yn.
474 2182 493 2201 a
507 2177 574 2202 tam
588 2182 687 2202 mem.
702 2171 779 2211 (Κν.
794 2173 961 2212 desinere)
976 2182 1106 2213 pugna:
1123 2182 1231 2213 neque
1249 2173 1360 2212 spem)
1389 2171 1419 2209 7,
1435 2176 1453 2203 2

39 2236 181 2258 romana
225 2227 257 2265 8,
277 2232 295 2258 2
309 2234 338 2259 et
350 2228 381 2267 9,
402 2232 414 2259 1
432 2230 617 2260 adsensum
633 2230 843 2271 conprobata
857 2236 909 2261 est
923 2231 1089 2261 sententia
1102 2231 1202 2270 legati
1215 2229 1287 2271 2¹15]-
1299 2229 1372 2261 Em.
1383 2229 1455 2261 546

41 2295 72 2332 9,
103 2300 115 2326 l
147 2306 256 2328 conss.
281 2297 284 2336 Ι
318 2296 415 2327 Voces
432 2298 585 2329 adhibito
600 2298 767 2340 frequenti
787 2300 927 2330 consilio
954 2300 998 2330 bis
1022 2300 1156 2340 scriptae.
1210 2299 1264 2336 10,
1297 2302 1310 2328 1
1340 2304 1454 2339 petere

40 2352 185 2384 Perz'zon.
227 2358 245 2384 2
273 2355 514 2394 pollicentibus
555 2360 573 2386 3
592 2358 749 2388 cessisset
775 2367 936 2388 caesarum
958 2357 1078 2399 (Gi-yn.
1101 2357 1290 2396 cessurum)
1310 2357 1454 2396 primum

45 2408 141 2441 Gron.
170 2410 287 2448 (Periz.
317 2422 416 2452 quam
442 2414 601 2453 primum)
660 2414 714 2452 11,
743 2418 762 2444 3
789 2415 874 2445 uidit
898 2416 931 2445 in
964 2416 1114 2446 considio
1136 2413 1195 2455 {in
1223 2416 1384 2445 aduersus
1433 2417 1452 2444 3

41 2469 210 2499 moderari
236 2470 368 2500 animos
395 2469 467 2511 My.
495 2470 568 2502 Em.
596 2471 668 2502 546
730 2472 783 2509 12,
812 2476 830 2502 3
857 2473 1022 2513 permittit
1071 2473 1126 2511 13,
1158 2477 1170 2504 l
1201 2473 1252 2503 hae
1277 2482 1353 2502 cum
1376 2473 1381 2513 Ι
1403 2473 1454 2511 ig-

41 2525 131 2556 naris
157 2526 259 2557 moris
286 2527 601 2577 pertinacialmoris
629 2539 703 2561 esse
729 2529 802 2571 My.
831 2530 950 2572 (Gryn.
983 2531 1111 2571 ignaris
1138 2532 1242 2563 moris
1267 2531 1455 2571 pertinacia

41 2583 268 2616 Romanorum
296 2584 388 2624 esse)
440 2588 459 2616 2
485 2587 592 2616 uetari

1488 461 1508 494 Οἱ

1494 1365 1533 1400 11

1491 1785 1536 1820 13
