1753 2934
197 492 217 526 ΟΠ

165 1617 210 1650 ῙΟ

162 1827 203 1860 ll

315 160 387 196 196
652 155 752 187 Liber
778 155 905 187 XLIV.
946 156 1006 195 (A.
1033 166 1065 187 u.
1093 166 1120 188 c.
1150 156 1247 198 586.)

250 281 431 330 perducta
462 285 538 321 est,
569 290 616 314 ex
646 278 807 315 statione
836 279 979 327 equites
1008 280 1173 316 revocati
1204 285 1301 317 sunt.
1366 281 1447 316 Rex
1478 293 1649 330 quoque,

252 362 334 386 cum
377 350 455 384 sine
499 348 768 384 detrectatione
807 356 963 397 paratus
993 361 1163 398 pugnare
1195 362 1240 386 eo
1271 350 1329 386 die
1359 350 1508 395 fuisset,
1552 364 1645 387 con·

249 426 385 455 tentus,
417 418 517 466 quod
550 430 617 466 per
646 418 791 454 hostem
825 431 969 455 moram
1002 418 1116 455 fuisse
1145 430 1281 467 pugnae
1311 419 1466 460 scirent,
1497 428 1532 456 et
1560 421 1644 469 ipse

250 488 284 524 in
330 494 455 524 castra
499 488 628 536 copias
671 488 832 524 reduxit..
910 487 1054 525 Castris
1097 489 1329 536 permunitis,
1375 488 1417 526 C.
1452 490 1642 539 Sulpicius

249 557 412 601 Gallus,
453 558 622 594 tribunus
654 558 810 594 militum
843 559 1014 594 secundae
1044 558 1222 606 legioniS.
1265 559 1327 606 qui
1364 567 1502 608 praetor
1531 573 1644 610 supe·

247 627 346 664 riore
386 640 484 663 anno
528 626 672 670 fuerat,
715 627 879 664 consulis
913 628 1097 676 permissu
1141 629 1188 664 ad
1218 630 1430 666 contionem
1462 631 1641 668 militibus

246 697 405 742 vocatis,
435 697 713 746 pronuntiavit,
744 704 853 733 nocte
882 697 1078 746 proxima,
1110 711 1156 734 ne
1186 699 1268 746 quis
1299 699 1335 734 id
1365 712 1434 747 pro
1465 707 1641 748 portento

247 768 457 815 acciperet,
505 767 552 803 ab
596 767 691 803 hora
729 767 894 804 secunda
923 779 1043 815 usque
1073 768 1121 803 ad
1153 775 1325 816 quartam
1358 770 1488 806 horam
1520 771 1643 806 noctis

246 837 371 874 lunam
405 837 635 874 defecturam
669 849 762 874 esse.
835 837 903 880 Id,
935 837 1024 884 quia
1052 838 1216 874 naturali
1247 839 1376 875 ordine
1406 840 1514 875 statis
1543 846 1641 875 tem-

245 907 400 956 poribus
430 908 519 951 fiat,
551 914 585 943 et
615 907 700 944 sciri
732 913 818 943 ante
848 913 884 942 et
916 907 1066 955 praedici
1107 919 1227 955 posse.
1292 909 1427 957 ltaque
1457 909 1641 956 quemad-

245 978 411 1017 modum,
443 978 533 1026 quia
562 977 652 1013 certi
682 976 771 1012 solis
792 977 962 1024 lunaeque
984 983 1019 1012 et
1040 983 1143 1013 ortus
1173 985 1207 1013 et
1239 990 1394 1014 occasus
1425 979 1509 1024 sint,
1541 990 1641 1014 nune

245 1047 356 1096 pleno
397 1049 507 1091 orbe,
552 1059 649 1083 nune
695 1053 948 1083 senescentem
990 1047 1127 1095 exiguo
1166 1060 1281 1083 cornu
1321 1048 1465 1096 fulgere
1511 1048 1639 1084 lunam

244 1130 319 1153 non
354 1118 593 1161 mirarentur,
624 1117 677 1153 ita
705 1129 752 1152 ne
783 1116 979 1152 obscurari
1011 1117 1180 1164 quidem,
1226 1130 1308 1154 cum
1344 1119 1528 1154 condatur
1557 1131 1643 1154 um·

244 1188 315 1223 bra
345 1194 467 1229 terrae,
497 1188 647 1223 trahere
677 1187 712 1222 in
744 1185 955 1234 prodigium
987 1186 1135 1225 debere.
1200 1189 1343 1231 Nocte,
1375 1200 1486 1236 quam
1518 1188 1643 1236 pridie
1675 1238 1682 1243 ³

242 1270 361 1293 nonas
403 1257 645 1306 Septembres
692 1257 861 1292 insecuta
906 1263 961 1291 est
1003 1256 1101 1298 dies,
1147 1257 1248 1293 edita
1290 1259 1385 1294 hora
1427 1259 1517 1294 luna
1553 1271 1637 1294 cum

243 1327 462 1370 defecisset,
493 1326 676 1364 Romanis
707 1325 885 1362 militibus
918 1325 1020 1362 Galli
1052 1326 1238 1374 sapientia
1276 1341 1395 1377 prope
1424 1328 1554 1364 divina
1582 1329 1639 1364 vi·

243 1397 341 1440 deri3
385 1397 619 1433 Macedonas
656 1403 696 1432 ut
736 1396 840 1432 triste
871 1395 1104 1443 prodigium,
1149 1408 1324 1433 occasum
1367 1397 1472 1445 regni
1514 1398 1638 1446 perni-

243 1467 413 1516 ciemque
443 1468 564 1516 gentis
596 1467 835 1515 portendens,
881 1466 1017 1506 mox-it,
1064 1477 1132 1501 nee
1163 1465 1270 1502 aliter
1298 1473 1416 1503 vates.
1483 1466 1641 1504 Clamor

241 1539 479 1586 ululatusque
512 1538 547 1574 in
577 1537 709 1573 castris
739 1536 991 1572 Macedonum
1034 1536 1124 1579 fuit,
1161 1536 1280 1572 donee
1322 1536 1411 1573 luna
1451 1537 1487 1573 in
1529 1550 1638 1574 suam

242 1607 363 1643 lucem
395 1607 556 1643 emersit.
621 1608 782 1644 Postero
814 1606 872 1642 die
903 1607 1000 1652 (nam
1031 1613 1157 1642 tantus
1195 1607 1342 1654 utrique
1385 1607 1499 1644 ardor
1528 1620 1636 1644 exer·

242 1678 330 1714 citui
362 1678 408 1713 ad
441 1677 736 1714 concurrendum
768 1676 912 1719 fuerat,
956 1684 996 1713 ut
1033 1684 1069 1712 et
1098 1687 1224 1723 regem
1256 1682 1291 1711 et
1320 1677 1509 1713 consulem
1545 1690 1636 1713 suo-

240 1761 321 1784 rum
355 1748 530 1796 quidam,
574 1747 675 1796 quod
713 1746 792 1782 sine
830 1746 962 1795 proelio
1003 1746 1207 1782 discessum
1239 1754 1356 1790 esset,
1396 1745 1634 1795 accusarent)

240 1818 320 1866 regi
350 1823 528 1866 prompta
558 1817 726 1854 defensio
757 1823 850 1861 erat,
880 1829 955 1852 non
987 1829 1030 1852 eo
1061 1816 1203 1859 solum,
1238 1816 1336 1863 qnod
1368 1816 1486 1852 hostis
1517 1816 1635 1864 prior,

239 1893 369 1935 aperte
401 1899 567 1935 pugnam
609 1888 842 1930 detrectans,
886 1887 922 1922 in
963 1894 1088 1922 castra
1128 1886 1257 1934 copias
1299 1886 1528 1930 reduxisset,
1568 1886 1635 1921 sed

239 1958 350 1993 etiam
384 1958 485 2005 quod
523 1971 567 1994 eo
605 1957 689 1993 loco
720 1957 829 2005 signa
857 1957 1135 2000 constituisset,
1179 1968 1253 2003 quo
1284 1956 1472 2003 phalanx,
1518 1967 1632 2003 quam

238 2028 403 2064 inutilem
436 2028 497 2064 vel
528 2028 726 2064 mediocris
754 2027 931 2074 iniquitas
966 2026 1037 2063 loci
1079 2026 1264 2070 efficeret,
1304 2025 1519 2074 promoveri
1557 2037 1633 2060 non

240 2105 381 2146 posset.
445 2097 588 2135 Consul
619 2098 666 2134 ad
705 2098 765 2142 id,
813 2097 912 2144 quod
957 2097 1076 2145 pridie
1113 2096 1396 2145 proetermisisse
1439 2094 1635 2143 pugnandi

240 2169 477 2204 occasionem
511 2168 712 2204 videbatur
742 2174 777 2203 et
806 2166 929 2202 locum
960 2167 1107 2203 dedisse
1148 2167 1266 2211 hosti,
1313 2165 1343 2201 si
1387 2171 1497 2201 nocte
1528 2164 1633 2200 abire

237 2361 269 2397 4,
298 2367 315 2392 2
344 2363 550 2394 detractione
572 2361 577 2405 1
600 2373 639 2394 eo
665 2363 704 2393 dc
725 2363 730 2403 i
753 2369 981 2404 contemptusc
1009 2363 1096 2403 quod
1135 2363 1166 2400 5,
1193 2366 1212 2393 3
1239 2362 1416 2402 permissus
1458 2365 1477 2391 4
1503 2360 1632 2391 uncatis

238 2430 269 2465 6,
301 2435 311 2461 1
343 2433 415 2472 quis
442 2433 473 2462 in
500 2442 560 2472 pro
594 2434 744 2464 3stantis
779 2436 797 2462 4
825 2433 907 2463 scire
957 2430 987 2469 7,
1016 2435 1034 2462 2
1061 2432 1160 2463 certis
1197 2435 1423 2462 3sencscente
1438 2427 1632 2461 Florebellus

242 2512 247 2553 l
272 2512 384 2553 sugcre
411 2513 505 2544 Frob.
526 2513 573 2545 II.
636 2514 668 2551 8,
697 2518 713 2544 2
740 2515 828 2545 edita
852 2502 1042 2553 luna⁰(s1'c)
1068 2514 1151 2544 hora
1177 2524 1251 2545 cum
1289 2514 1349 2551 9,l
1378 2513 1634 2553 permitiemque

238 2571 290 2604 10.
319 2575 329 2602 l
361 2572 412 2601 die
439 2578 549 2602 tantus
576 2571 646 2613 My.
675 2571 762 2609 (Alii
786 2573 836 2603 die
851 2591 891 2596 —
910 2578 1045 2603 tantus.
1067 2597 1073 2603 .
1091 2579 1287 2603 accusarent
1304 2589 1342 2593 —
1359 2570 1443 2610 regi)
1461 2569 1463 2610 1
1481 2570 1636 2610 utrisque

237 2629 290 2661 11.
322 2632 333 2659 1
364 2635 548 2669 promptam
596 2634 613 2660 2
642 2631 830 2661 detractans
875 2637 891 2659 -δ
920 2630 1077 2671 iniquitas
1105 2630 1167 2660 loci
1196 2629 1353 2668 iniqnitas
1380 2628 1526 2659 efficeret
1574 2625 1637 2664 12,

233 2691 252 2718 2
277 2688 382 2718 hostis
409 2694 505 2718 nocte
