1742 2902
150 377 202 421 25

319 123 367 158 32
682 121 785 152 Liber
807 121 900 152 XLI.
953 122 1014 161 (A.
1043 131 1075 154 u.
1103 132 1131 154 c.
1160 123 1257 162 580.)

260 255 363 289 rege,
394 254 477 277 cum
511 242 744 290 Megalopoli
784 243 984 280 concilium
1017 251 1133 289 esset;
1179 245 1347 292 dataque
1383 256 1502 292 opera
1535 250 1592 281 est
1621 245 1670 282 ab

261 311 320 353 iis,
353 311 416 358 qui
444 310 692 347 offensionem
726 321 818 360 aput
844 314 1041 349 Romanos
1070 314 1267 357 timebant,
1297 326 1344 350 ne
1371 314 1670 352 admitterentur.

400 381 478 416 Per
521 381 600 416 haec
649 389 823 430 tempora
866 383 1087 419 AEtolorum
1140 384 1176 419 in
1227 391 1347 419 semet
1390 383 1494 430 ipsos
1537 394 1670 419 versus

260 449 367 486 furor
402 450 540 486 mutuis
581 451 745 487 caedibus
783 451 831 487 ad
871 452 1165 489 internecionem
1206 453 1438 488 adducturus
1468 452 1672 489 videbatur

260 527 425 567 gentem.
486 520 595 556 Fessi
629 521 765 557 deinde
806 528 842 557 et.
878 522 1040 558 Romam
1081 531 1243 570 utraque
1282 534 1370 570 pars
1403 522 1584 557 miserunt
1613 520 1670 557 le-

259 598 371 636 gatos
416 596 451 625 et
495 590 592 626 inter
633 603 673 626 se
713 591 783 638 ipsi
823 591 869 626 de
913 591 1195 626 reconcilianda
1240 592 1443 627 concordia
1484 592 1669 639 agebant3

260 670 345 705 quae
382 671 484 694 novo
519 659 689 695 facinore
727 660 900 696 discussa
940 673 1000 696 res
1038 669 1184 696 veteres
1223 661 1336 696 etiam
1371 661 1446 696 iras
1477 661 1670 697 excitavit.

260 728 468 764 Exsulibus
503 729 713 777 Hypataeis,
747 730 810 776 qui
841 729 1017 765 factionis
1049 730 1216 766 Proxeni
1248 738 1380 773 erant,
1410 742 1494 766 cum
1527 730 1670 767 reditus

260 797 297 833 in
329 798 491 845 patriam
525 799 734 846 promissus
765 808 864 835 esset
905 800 1076 847 fidesque
1115 799 1207 834 data
1238 811 1305 846 per
1334 799 1542 848 principem
1574 800 1669 836 civi·

260 866 347 901 tatis
382 867 654 915 Eupolemum,
700 869 856 905 LXXX
893 870 1068 905 inlustres
1109 869 1300 911 homines,
1342 870 1478 916 quibus
1509 869 1669 906 redeun-

259 936 359 972 tibus
391 937 489 972 inter
518 946 683 973 ceteram
713 939 988 975 multitudinem
1022 939 1260 986 Eupolemus
1291 939 1403 974 etiam
1437 939 1573 975 obvius
1603 951 1669 975 ex-

258 1005 365 1048 ierat,
397 1019 480 1041 cum
512 1007 740 1044 salutatione
772 1009 934 1056 benigna
968 1009 1117 1056 excepti
1146 1016 1272 1044 essent
1309 1009 1529 1056 dextraeque
1559 1008 1670 1053 datae,

258 1075 513 1123 ingredientes
545 1085 716 1124 portam,
757 1078 866 1114 fidem
899 1079 1028 1114 datam
1065 1079 1235 1125 deosque
1266 1086 1378 1114 testes
1413 1077 1667 1124 nequicquam

259 1145 503 1190 invocantes,
542 1147 726 1183 interfecti
763 1156 861 1186 sunt.
922 1149 1016 1184 Inde
1052 1149 1208 1197 gravius
1252 1148 1298 1184 de
1339 1148 1486 1195 integro
1529 1147 1667 1183 bellum

258 1216 412 1251 exarsit.
473 1215 515 1253 C.
548 1217 725 1253 Valerius
760 1218 933 1254 Laevinus
972 1226 1009 1254 et
1039 1221 1116 1266 Ap.
1148 1217 1332 1254 Claudius
1362 1217 1527 1253 Pulcher
1557 1222 1594 1251 et.
1623 1214 1668 1254 C.
1722 1251 1724 1262 ,

257 1285 462 1321 Memmius
493 1293 530 1321 et
560 1287 613 1321 M.
632 1287 804 1334 Popilius
833 1297 865 1323 et
896 1288 934 1324 L.
962 1287 1168 1324 Canuleius
1193 1288 1295 1323 missi
1321 1288 1369 1323 ab
1391 1296 1523 1322 senatu
1555 1298 1669 1323 vene·
1722 1286 1725 1305 ”

257 1363 355 1393 rant.
415 1358 524 1403 Aput
566 1368 632 1391 eos
671 1368 753 1392 cum
792 1357 951 1405 Delphis
989 1359 1185 1405 utriusque
1227 1357 1346 1405 partis
1382 1356 1496 1404 legati
1528 1369 1667 1405 magno

257 1426 463 1462 certamine
488 1434 658 1474 agerent,
683 1428 882 1462 Proxenus
908 1429 1072 1464 maxime
1089 1440 1173 1463 cum
1191 1439 1320 1470 causa,
1348 1435 1424 1462 tum
1450 1427 1669 1474 eloquentia
1720 1458 1721 1462 ,

256 1505 438 1543 praestare
470 1497 573 1532 visus
603 1504 678 1539 θεῖς
724 1497 787 1544 qui
819 1510 963 1545 paucos
994 1506 1081 1545 post.
1110 1498 1190 1533 dies
1220 1498 1268 1533 ab
1300 1497 1517 1534 Orthobula
1547 1508 1669 1532 uxore
1717 1494 1720 1499 ’

256 1578 404 1601 veneno
435 1574 491 1602 est
521 1566 716 1610 sublatus3
748 1567 1008 1615 damnataque
1029 1581 1073 1603 eo
1099 1567 1266 1608 crimine,
1298 1567 1334 1602 in
1360 1566 1532 1602 exsilium
1559 1566 1664 1602 abiit.
1716 1571 1719 1612 ζ

257 1635 362 1671 Idem
395 1635 502 1671 furor
532 1643 569 1671 et
599 1635 799 1671 Cretenses
831 1637 1037 1672 lacerabat.
1092 1638 1273 1673 Adventu
1297 1635 1432 1671 deinde
1455 1634 1502 1681 Q.
1526 1634 1668 1670 Minuci

256 1704 396 1751 legati,
439 1705 502 1752 qui
542 1717 625 1741 cum
659 1706 695 1741 X
730 1707 891 1741 navibus
933 1707 1069 1742 missus
1101 1706 1148 1741 ad
1181 1705 1351 1740 sedanda
1382 1717 1511 1740 eorum
1544 1710 1667 1740 certa·

256 1774 359 1808 mina
389 1783 482 1817 erat,
512 1776 548 1810 in
578 1787 682 1821 spem
718 1775 822 1822 pacis
862 1784 1054 1812 venerant.
1127 1775 1304 1812 Ceterum
1337 1774 1490 1810 indutiae
1520 1780 1666 1809 tantum
1711 1787 1715 1830 {

255 1854 323 1878 sex
356 1856 525 1879 mensum
559 1844 728 1886 fueruut;
758 1846 845 1880 incle
878 1845 994 1879 multo
1025 1845 1181 1892 gravius
1205 1845 1342 1880 bellum
1372 1843 1526 1879 exarsit.
1561 1843 1668 1892 Lycii
1711 1847 1715 1899 {³

257 1926 409 1960 quoque
449 1926 516 1961 per
556 1914 653 1949 idem
688 1922 835 1962 tempus
874 1916 921 1950 ab
957 1915 1115 1951 Rhodiis
1149 1915 1248 1951 bello
1281 1915 1532 1950 vexabuntur.
1591 1913 1668 1951 Sed
1711 1919 1713 1937 ⁴

256 1992 499 2018 externorum
532 1984 629 2020 inter
652 1997 693 2020 se
721 1985 819 2020 bella
845 1998 920 2032 quo
947 1997 1105 2032 quaeque
1134 1985 1247 2020 modo
1279 1992 1388 2032 gesta
1421 1983 1508 2025 sint,
1539 1994 1666 2030 perse·
1708 2010 1714 2026 .,

256 2054 319 2099 qui
351 2066 425 2088 uon
457 2066 583 2101 operae
621 2064 678 2089 est
717 2055 808 2090 satis
850 2067 1040 2102 superque
1071 2055 1196 2090 oneris
1225 2053 1422 2090 sustinenti
1452 2065 1514 2088 res
1544 2065 1568 2088 a
1596 2064 1666 2100 po·
1709 2065 1711 2073 ⁴

255 2122 344 2170 pulo
381 2124 555 2159 Romano
585 2133 714 2172 gestas
743 2125 921 2160 scribere.

254 2281 315 2319 20,
344 2287 361 2312 2
390 2283 627 2323 megalopolim
659 2281 749 2324 (Csr.
779 2281 848 2313 XL
862 2281 898 2318 V,
923 2281 980 2317 28,
1007 2281 1058 2316 4.)
1127 2280 1242 2317 XXV,
1271 2281 1300 2317 1,
1334 2283 1345 2310 l
1376 2280 1596 2320 semetuipsos
1646 2283 1665 2310 2
1701 2314 1705 2325 ›

255 2338 499 2370 surorumutuis
526 2341 644 2370 edibus
716 2341 748 2375 2,
777 2344 795 2370 3
819 2350 881 2380 que
905 2341 910 2375 i
933 2346 1065 2369 ueterus
1135 2338 1166 2375 3,
1200 2342 1208 2368 l
1236 2338 1389 2378 hypatcis
1413 2339 1416 2373 Ι
1440 2337 1583 2376 proximi
1647 2340 1665 2367 2

255 2396 413 2436 fidesquae
430 2398 516 2427 ‹1:11ae
560 2397 592 2430 4.
612 2402 622 2428 1
654 2398 845 2428 homiuibus
888 2401 900 2421 f
935 2398 1077 2434 benigne
1096 2397 1184 2427 Crev.
1231 2401 1248 2425 4
1277 2396 1371 2425 tostis
1388 2395 1588 2434 nequiquam
1606 2404 1666 2425 uo-
1704 2408 1707 2410 ·

255 2461 369 2484 cuntes
434 2454 464 2486 5,
495 2460 511 2484 2
541 2465 569 2485 o.
600 2456 755 2491 natm-ius,
791 2454 848 2485 sed
880 2453 1121 2493 vulelursnisse
1148 2452 1188 2490 Q.
1223 2454 1226 2491 Ι
1257 2453 1366 2483 lenius
1389 2458 1393 2490 ξ
1415 2453 1530 2492 pulcer
1576 2452 1609 2485 6,
1645 2455 1664 2483 2

255 2519 394 2551 egerunt
424 2512 518 2542 Curio
547 2512 668 2553 (Gryu.
697 2513 845 2551 egerint)
897 2516 915 2542 3
943 2511 1099 2541 ortobula
1162 2515 1178 2540 4
1210 2518 1242 2540 et
1260 2510 1412 2541 sublatus
1435 2511 1439 2549 Ι
1462 2510 1533 2540 abit
1594 2508 1624 2546 7,
1644 2512 1664 2540 3
1700 2520 1703 2524 ⁴

254 2578 323 2600 erut
343 2580 434 2609 spem
460 2571 574 2610 paucis
597 2572 601 2604 Ι
629 2571 726 2610 (ir-yn.
758 2571 901 2600 inducite
927 2577 959 2600 et
987 2576 1085 2599 antea
1112 2577 1172 2598 sex
1200 2569 1362 2598 mensium
1413 2566 1446 2604 8,
1475 2571 1492 2597 2
1522 2567 1611 2598 rodis
1643 2570 1663 2598 3
1700 2586 1701 2589 =

254 2637 385 2668 queque
408 2629 412 2666 Ι
435 2634 512 2658 sunt
548 2627 730 2667 ll'esetzbery
786 2632 804 2657 4
832 2637 932 2668 opere
982 2630 999 2656 5
1029 2632 1142 2665 gestas
1168 2635 1220 2655 res
1246 2626 1390 2655 scribere
1696 2615 1701 2623 Ἀ
