1742 2902
180 1639 222 1672 10

309 129 359 164 44
668 126 770 157 Liber
795 124 904 156 XLII.
956 125 1015 165 (A.
1043 134 1074 155 u.
1103 135 1130 155 c.
1159 126 1252 162 581.)

255 247 356 295 capti
389 246 552 294 amplius
581 247 624 282 M
643 253 680 283 et
697 245 815 284 DCC.
871 246 1043 282 Voverat
1073 245 1110 280 in
1141 257 1186 281 ea
1215 257 1345 293 pugna
1375 252 1515 294 praetor
1543 245 1660 282 aedem

256 316 391 351 Iunoni
422 315 599 351 Monetae.
686 316 773 352 Pax
801 314 937 352 deinde
967 315 1059 350 data.
1088 314 1303 362 petentibus
1337 313 1487 360 Corsis,
1525 321 1562 351 et
1591 326 1661 351 ex-

256 391 342 420 acta
375 395 470 419 cerae
507 384 670 421 ducenta
708 385 813 421 milia
852 383 991 432 pondo.
1076 383 1139 420 Ex
1169 382 1328 420 Corsica
1364 384 1524 420 subacta
1554 382 1661 420 Cice-

254 452 354 488 reius
386 453 423 488 in
455 452 673 490 Sardiniam
704 453 925 490 transmisit.
988 453 1040 489 Et
1072 453 1109 488 in
1141 452 1346 500 Liguribus
1379 452 1416 488 in
1450 464 1544 500 agro
1575 451 1663 490 Sta·
1717 460 1720 462 ’

256 521 373 557 tellati
405 530 615 570 pugnatum
647 523 695 559 ad
727 522 908 571 oppidum
940 520 1156 570 Carystum.
1202 523 1262 559 Eo
1292 535 1333 559 se
1363 533 1525 570 magnus
1555 533 1663 557 exer-

254 591 350 626 citus
380 591 565 639 Ligurum
609 592 836 630 contulerat.
917 592 1048 628 Primo
1089 592 1160 627 sub
1203 592 1410 628 adventum
1449 591 1503 627 M.
1535 590 1663 638 Popili

252 660 418 697 consulis
457 661 644 698 moenibus
683 673 766 697 sese
806 661 1069 703 continebant3
1115 660 1267 705 deinde,
1311 667 1514 708 postquam
1555 659 1664 708 oppi-

253 729 341 765 dum
374 737 682 777 oppugnaturum
714 731 932 767 Romanum
963 730 1189 774 cernebant,
1234 729 1428 778 progressi
1458 735 1546 765 ante
1575 741 1665 777 por·

255 804 312 834 tas
344 799 464 835 aciem
495 805 727 835 struxerunt.
786 800 870 836 Nec
901 799 1047 843 consul,
1077 806 1117 835 ut
1148 799 1211 846 qui
1242 799 1280 834 id
1310 799 1433 846 ipsum
1466 810 1665 847 oppugna-

254 868 355 904 tione
387 869 657 905 comminanda
674 869 882 916 quaesisset,
914 881 1060 905 moram
1079 869 1277 904 certamini
1300 868 1400 904 fecit.
1445 869 1664 916 Pugnatum

255 937 418 985 amplius
448 944 525 973 tres
558 945 613 974 est
644 939 760 974 horas
790 938 863 983 ita,
902 945 942 974 ut
981 945 1115 974 neutro
1155 938 1353 973 inclinaret
1387 949 1487 986 spes.
1552 937 1667 984 Quod

252 1007 316 1042 ubi
348 1007 481 1042 consul
510 1007 606 1043 vidit
635 1007 735 1044 nulla
767 1015 877 1055 parte
924 1008 1070 1043 moveri
1101 1007 1286 1055 Ligurum
1324 1007 1458 1055 signa.
1502 1007 1668 1054 imperat

253 1075 462 1123 equitibus,
506 1083 548 1112 ut
589 1088 708 1124 equos
745 1077 1004 1114 conscendant
1038 1088 1083 1113 ae
1122 1077 1242 1113 tribus
1285 1076 1396 1112 simul
1426 1076 1599 1124 partibus
1629 1076 1666 1112 in

251 1145 399 1189 hostes,
446 1152 589 1193 quanto
635 1146 803 1182 maximo
848 1153 1004 1194 possent
1053 1146 1237 1190 tumultu,
1281 1146 1488 1182 incurrant.
1568 1146 1667 1182 Pars

253 1226 394 1262 magna
427 1215 595 1262 equitum
629 1215 791 1251 mediam
838 1215 983 1251 traiecit
1017 1215 1135 1251 aciem
1178 1223 1214 1251 et
1254 1215 1302 1250 ad
1342 1220 1450 1263 terga
1491 1226 1667 1263 pugnan-

253 1284 345 1320 tium
383 1284 564 1331 pervasit.
642 1285 737 1320 Inde
777 1291 900 1320 terror
942 1285 1100 1320 iniectus
1141 1285 1356 1332 Liguribus.
1438 1284 1592 1320 Diversi
1630 1284 1667 1320 in

253 1364 384 1389 omnes
414 1360 545 1401 partes
575 1353 767 1401 fugerunt,
797 1354 979 1402 perpauci
1010 1361 1113 1390 retro
1143 1354 1180 1389 in
1213 1354 1415 1402 oppidum,
1455 1354 1543 1401 quia
1581 1353 1668 1390 inde

254 1435 294 1458 se
325 1423 493 1459 maxime
526 1423 719 1459 obiecerat
750 1435 877 1470 eques.
952 1424 1003 1460 Et
1036 1435 1165 1471 pugna
1202 1430 1279 1459 tam
1314 1423 1498 1471 pervicax
1528 1422 1668 1459 multos

255 1493 523 1540 absumpserat
554 1492 751 1540 Ligurum,
784 1501 821 1529 et
850 1493 887 1528 in
919 1492 1011 1541 fuga
1040 1493 1182 1540 passim
1218 1493 1305 1528 caesi
1334 1499 1432 1528 sunt.
1493 1492 1534 1528 X
1565 1491 1670 1528 milia

257 1561 452 1598 hominum
487 1574 585 1598 caesa
616 1562 829 1603 traduntur,
861 1562 1024 1610 amplius
1058 1561 1165 1598 DCC
1195 1562 1318 1610 capti,
1350 1563 1459 1610 signa
1489 1561 1670 1598 militaria

257 1631 378 1667 relata
410 1632 628 1669 LXXXII.
695 1630 774 1667 Nec
811 1632 1008 1667 incruenta
1038 1631 1200 1667 victoria
1230 1631 1311 1667 fuit.
1386 1631 1565 1679 Amplius
1596 1631 1670 1667 tria

257 1701 359 1736 milia
389 1700 549 1736 militum
582 1701 742 1739 amissa,
775 1714 881 1745 cum,
909 1701 1129 1738 cedentibus
1159 1701 1315 1743 neutris,
1347 1713 1393 1737 ex
1425 1708 1535 1749 parte
1567 1707 1669 1737 utra-

257 1783 329 1817 que
358 1770 545 1818 primores
576 1770 765 1806 caderent.

368 1841 464 1876 Post
494 1840 592 1876 hanc
623 1852 790 1887 pugnam
823 1852 869 1875 ex
901 1839 1052 1875 diversa
1086 1840 1179 1888 fuga
1209 1840 1244 1875 in
1277 1852 1391 1875 unum
1424 1839 1570 1875 collecti
1603 1839 1670 1875 Li-

258 1921 390 1956 gures,
436 1922 518 1946 cum
563 1910 746 1945 maiorem
779 1909 898 1945 multo
938 1916 1084 1956 partem
1130 1909 1267 1945 civium
1321 1909 1501 1945 amissam
1554 1920 1668 1956 quam

259 1991 456 2027 superesse
487 1986 683 2015 cernerent
726 1980 812 2025 (nee
843 1979 941 2015 enim
975 1978 1059 2026 plus
1090 1979 1130 2015 X
1162 1978 1266 2014 milia
1296 1979 1491 2014 hominum
1531 1981 1670 2023 erant),

260 2048 483 2084 dediderunt
519 2060 622 2093 sese,
659 2048 752 2084 nihil
790 2048 942 2096 quidem
982 2048 1035 2084 illi
1073 2048 1193 2096 pacti;
1237 2054 1488 2095 speraverant
1529 2053 1671 2092 tamen,

259 2130 326 2153 non
359 2119 526 2154 atrocius
558 2130 672 2166 quam
704 2118 920 2166 superiores
950 2117 1202 2166 imperatores
1233 2117 1425 2153 consulem
1463 2117 1500 2152 in
1531 2128 1572 2153 se
1601 2128 1670 2152 sae-

260 2252 290 2283 2.
323 2254 333 2281 l
365 2256 530 2281 nouerant
580 2254 598 2281 2
624 2250 758 2280 iunonis
809 2247 917 2290 Siyon.
953 2251 972 2278 3
1000 2257 1073 2278 cere
1097 2248 1100 2286 Ι
1124 2249 1252 2278 ducena
1281 2246 1370 2279 Crev.
1403 2260 1406 2284 ς
1436 2248 1528 2278 milia
1553 2253 1635 2288 puto
1665 2246 1668 2287 Ι

261 2308 403 2338 subacta
437 2308 593 2339 sicereius
660 2307 693 2345 3,
734 2311 745 2337 l
789 2306 954 2337 Statellaci
989 2303 1094 2343 (Cluv.
1126 2304 1320 2342 Statiellati)
1391 2309 1410 2336 3
1434 2305 1576 2345 liguram
1637 2304 1670 2343 4,

264 2368 274 2395 l
321 2364 447 2405 popilio
497 2368 515 2395 3
548 2370 818 2405 oppugnaturam
842 2363 1027 2401 {cernebat
1085 2362 1117 2400 5,
1149 2365 1167 2392 2
1199 2362 1347 2402 quesisse
1401 2366 1419 2393 3
1453 2363 1512 2394 tris
1549 2361 1669 2404 (Gryn.

260 2429 444 2463 pugnatum
485 2427 533 2451 est
571 2421 671 2462 ampl.
713 2422 789 2452 treis
826 2420 880 2461 h.)
948 2419 980 2459 6,
1020 2423 1039 2450 3
1075 2419 1254 2459 aequitibus
1292 2425 1329 2450 ut
1365 2429 1492 2460 eoquos
1559 2424 1577 2450 4
1610 2420 1671 2451 ho-

262 2492 319 2523 stis
342 2491 346 2529 Ι
369 2497 503 2531 possent
530 2475 688 2520 {tumultu
738 2488 767 2526 7,
796 2493 814 2519 2
842 2489 954 2520 media
1000 2492 1019 2518 3
1046 2488 1175 2519 inectus
1232 2488 1264 2526 9,
1293 2492 1311 2518 2
1338 2488 1481 2530 amplius
1508 2490 1569 2519 dcc
1594 2498 1671 2529 pas·

259 2550 322 2580 sim
350 2547 436 2588 capti
466 2546 535 2588 My.
565 2546 636 2576 Em.
664 2546 738 2577 511.
791 2546 845 2583 10,
876 2550 887 2577 1
928 2556 985 2576 om.
1013 2555 1074 2576 nec
1130 2550 1148 2576 2
1176 2545 1382 2576 caedentibus
1450 2545 1550 2585 VIII,
1583 2545 1615 2583 1,
1654 2549 1668 2577 1

262 2616 326 2648 hac
352 2625 501 2657 pugnam
553 2619 571 2644 4
597 2615 753 2645 uiderunt
801 2613 833 2653 2,
865 2618 876 2645 1
907 2620 1019 2645 tamen
1046 2615 1192 2646 atrocius
1245 2618 1263 2644 2
1291 2603 1399 2645 conss.
1423 2615 1428 2654 Ι
1451 2614 1636 2645 seuiturum
