1742 2902
712 132 830 158 xxllt

68 255 179 301 gsalba
223 253 397 289 effectum
446 258 591 288 auctore
637 258 759 287 serunt
799 253 856 286 alu
892 251 1014 297 yulba.
1089 253 1221 298 Atque
1265 263 1314 285 ex
1345 250 1477 285 codem

69 320 207 357 genere
243 315 300 343 est
343 306 434 342 illud
474 306 511 342 in
549 319 582 345 v,
614 307 687 349 39,
725 309 770 342 15
817 319 863 342 cx
903 305 1062 341 lto—die
1091 314 1221 340 natum
1253 306 1317 340 hoc
1350 304 1477 340 dicere.

71 363 284 410 Scripserat
332 361 447 409 igitur
493 361 644 396 Livius:
694 362 729 396 in
771 361 972 396 Ibi-onium
1024 360 1249 407 insulamque
1294 359 1480 398 Eubaeam.

71 427 203 465 estque
242 417 279 452 id
319 416 367 451 ad
408 428 486 451 rcm
528 415 778 463 aptissimum.
859 416 897 462 (ς’
931 418 949 450 7
984 415 1030 451 de
1060 415 1188 450 ritibus
1227 427 1303 450 non
1334 414 1481 462 agitur:

71 472 243 508 subsitne
273 471 388 513 aliud,
420 478 535 517 atque
567 471 690 518 posui,
721 483 835 506 mores
865 483 960 513 suos,
991 470 1150 516 nescio.)

181 526 259 562 Cur
288 538 319 561 c.
353 530 416 567 36,
453 528 465 560 l
501 525 755 573 suspicionem
800 524 1014 573 posuerim,
1058 532 1163 572 patet
1204 536 1252 559 ex
1271 526 1415 570 ‚terrent
1444 523 1482 559 iu

70 581 200 618 codice
252 580 393 628 scripto
440 587 476 615 ct
515 580 717 616 coniuncta
756 593 824 628 per
863 588 983 615 totam
1024 579 1280 615 narrationem
1313 578 1481 614 omnium

70 636 307 672 tribunorum
336 635 537 671 mentione.
599 634 642 671 C.
677 638 740 679 37,
768 639 789 671 6
823 635 925 682 quod
957 635 1092 670 obicere
1122 646 1191 681 pro
1222 634 1339 669 dicere
1367 633 1481 669 scribi

71 691 199 732 malui,
230 703 303 726 non
335 702 437 725 eram
471 690 633 732 oblitus,
680 690 783 738 apud
814 689 994 725 Ovidium
1036 689 1110 737 legi
1139 689 1317 736 probrum
1347 688 1482 731 dicere;

70 746 137 781 sed
166 745 204 780 in
239 756 356 792 prosa
385 744 559 780 oratione
597 745 635 780 id
665 745 883 780 inusitatum
915 745 1066 792 putavi,
1107 743 1284 779 adiuncto
1323 755 1482 790 praeser-

69 800 136 835 tim
169 801 326 835 cm'nu'm's
355 799 519 834 nomine.
583 798 626 835 C.
661 801 723 835 38.
758 802 775 834 7
812 812 968 847 prorsus
997 810 1071 835 non
1102 798 1293 845 intelligo,
1324 798 1416 845 quid
1444 798 1482 833 in

69 854 245 890 Africani
276 852 452 900 exemplo
483 866 566 888 cum
603 852 755 889 Camilli
785 854 1050 901 coniungendo
1092 860 1183 900 agat
1212 854 1376 900 insuper3
1415 865 1480 888 ne-

71 922 144 957 que
175 908 272 944 enim
307 920 353 943 ea
390 908 557 943 accessio
589 908 718 956 aliqua
763 908 930 944 eiusdem
973 908 1132 944 aetionis
1169 907 1257 950 fuit;
1307 909 1481 943 maiorum

70 971 228 1012 peccato
257 971 359 999 recte
390 963 620 998 contrarium
653 963 806 1011 ponitur
835 976 949 1011 nuper
977 976 1000 999 (ι
1033 959 1185 1007 vobae‘s.¹)

181 1019 276 1066 Cap.
295 1021 373 1071 ΑΙ,
410 1020 453 1053 12
495 1018 704 1054 rectissime
737 1018 859 1054 codex
888 1018 1028 1053 Paulus
1068 1020 1102 1053 in
1133 1017 1236 1052 domo
1260 1022 1400 1064 praeter·
1428 1029 1480 1052 me

71 1073 170 1121 (cod.
202 1071 414 1120 secl)'71emo
443 1079 623 1120 superest,
655 1085 724 1121 pro
756 1086 832 1120 quo
863 1073 974 1108 Pauli
1001 1073 1245 1108 substitutum
1277 1080 1345 1107 est.
1410 1072 1480 1108 Su-

69 1137 245 1176 pererant
294 1128 392 1163 enim
444 1135 501 1171 et,
551 1128 654 1175 quod
697 1128 760 1164 vel
802 1141 822 1164 e
865 1128 1020 1176 Polybii
1056 1127 1275 1163 narratione
1323 1127 1482 1174 intelligi

70 1190 217 1230 potest,
246 1183 283 1218 in
314 1182 428 1217 domo
466 1183 606 1230 patris,
645 1195 864 1231 quanquam
904 1183 942 1219 in
973 1183 1217 1231 adoptionem
1248 1181 1347 1226 dati,
1377 1181 1482 1217 vive·

70 1238 161 1273 bant
193 1238 268 1273 duo
290 1237 368 1279 filii,
398 1249 529 1273 verum
553 1238 706 1274 nornine
720 1237 920 1274 Cornelius
938 1238 1066 1286 Scipio
1087 1238 1194 1282 alter,
1226 1236 1322 1272 alter
1336 1237 1482 1272 Fabius

68 1292 286 1335 Maximus,
329 1301 462 1327 neuter
493 1292 649 1329 Paulus.
716 1293 803 1329 Hoc
841 1305 980 1328 nomen
1020 1293 1058 1328 in
1096 1293 1168 1328 hac
1198 1292 1333 1328 saltem
1365 1291 1480 1327 domo

70 1347 296 1382 exstinctum
328 1354 465 1394 praeter
494 1355 641 1394 patrem
671 1355 765 1383 erat.
831 1350 870 1395 (ς’
890 1349 911 1383 3
944 1347 1146 1383 tenendum
1179 1355 1248 1391 est,
1277 1346 1481 1383 AEmilium

71 1401 234 1438 Paulum
266 1413 335 1449 pro
363 1413 404 1436 se
431 1402 677 1449 exercituque
707 1403 956 1445 sacrificasse,
989 1415 1065 1438 non
1095 1414 1164 1450 pro
1195 1414 1236 1437 se
1264 1401 1480 1438 lustrando:

71 1468 194 1504 neque
222 1455 396 1491 lustralia
426 1457 613 1492 sacrificia
644 1457 816 1505 Apollini
847 1457 1036 1505 Delphico
1066 1455 1242 1505 fiebant.)

183 1510 277 1558 Cap.
320 1514 391 1554 44,
428 1515 466 1546 1‘t
520 1511 623 1558 quod
666 1511 705 1547 in
742 1512 959 1548 Emendatt.
1000 1525 1036 1560 p.
1077 1513 1150 1548 627
1195 1511 1274 1547 dixi
1316 1511 1483 1547 residere

70 1565 309 1612 scrupulum,
354 1577 401 1600 ne
434 1565 473 1600 in
501 1566 575 1601 hac
612 1566 753 1602 codicis
795 1567 1000 1614 scriptura:
1038 1569 1072 1602 si
1107 1573 1226 1602 autem
1254 1568 1389 1602 antiooz'
1415 1578 1482 1602 nou

64 1621 270 1667 peruissent
298 1631 337 1655 eo
366 1631 409 1654 ne
435 1621 568 1667 populi
594 1621 738 1668 quidem
762 1623 903 1657 romani
920 1624 1065 1669 suctum
1094 1621 1197 1657 aliud
1229 1621 1319 1669 quid
1348 1621 1483 1657 lateret

69 1682 208 1722 praeter
242 1674 414 1710 Antiochi
440 1687 508 1710 non
527 1676 648 1722 juisse
677 1683 710 1712 et
739 1689 798 1720 eo,
843 1677 1006 1713 occurrit
1051 1686 1187 1726 postea
1219 1688 1335 1725 posse
1362 1676 1483 1725 serip-

69 1738 149 1764 tum
180 1741 204 1764 a
233 1729 345 1765 Livio
375 1741 476 1765 esse:
519 1731 698 1767 Antiocho
735 1745 804 1768 non
840 1735 1013 1780 paruisse
1042 1739 1076 1768 et
1104 1744 1142 1768 eo
1173 1741 1242 1768 cet.
1302 1732 1483 1768 Retentat

70 1795 268 1820 assensum
308 1793 345 1820 et
381 1786 514 1820 autz'ocz'
549 1785 588 1821 in
625 1787 755 1822 codice
795 1787 976 1835 scriptum
1013 1796 1050 1823 et
1090 1787 1192 1836 quod
1223 1800 1290 1835 per
1319 1799 1360 1822 se
1392 1799 1485 1835 ager

69 1838 144 1875 hoc
182 1838 267 1874 loco
307 1839 432 1887 aptius
463 1840 614 1876 videtur
646 1842 827 1878 Antiochi
867 1842 986 1878 fuisse
1028 1843 1101 1878 dici
1142 1855 1256 1890 quam
1287 1842 1482 1879 Antiocho

70 1905 256 1940 parulsse.

184 1948 286 1984 Satis
315 1949 519 1985 verborum
553 1949 599 1985 de
626 1950 771 1997 pusillis
803 1952 918 1987 rebus
948 1952 1166 1989 tristissimo
1196 1961 1380 2001 tempore.

102 2112 134 2153 ¹)
162 2111 245 2154 Cap.
275 2116 329 2150 39,
359 2115 397 2144 15
426 2113 507 2143 satis
533 2120 582 2143 est
608 2115 797 2151 monuisse,
824 2114 935 2146 nullos
964 2127 984 2146 α
1009 2123 1118 2147 εειιαια
1146 2116 1397 2147 centurionibus
1422 2117 1483 2147 mi-

165 2159 346 2200 litibusque
372 2161 524 2189 decretos
552 2168 624 2190 esse
650 2159 790 2191 honores.
855 2162 963 2192 Donis
989 2163 1178 2193 donabatur
1203 2162 1246 2193 ab
1279 2163 1482 2203 imperatore

166 2206 262 2236 miles
288 2207 462 2236 Romanus
487 2205 522 2235 in
550 2205 630 2246 ipsis
658 2207 787 2238 castris.
851 2207 927 2246 Quo
963 2215 1113 2249 tempore
1148 2209 1204 2240 lex
1235 2210 1276 2238 de
1311 2209 1482 2250 triumpho

166 2251 353 2287 ferebatur,
391 2251 486 2282 nulla
520 2252 585 2282 iam
619 2260 691 2282 erat
724 2255 860 2285 occasio
887 2254 1050 2286 militibus
1080 2255 1311 2286 Maec-donicis
1348 2256 1483 2286 decreta

166 2297 351 2328 honorifica
377 2298 546 2328 audiendi.
586 2299 851 2339 Apertissimum
879 2308 939 2338 est,
967 2302 1153 2342 comparat-i
1179 2302 1308 2332 diversa
1322 2307 1483 2343 tempora.

165 2345 411 2383 pravissimum,
438 2344 522 2375 duas
548 2346 729 2378 sententias
755 2347 845 2377 exire
872 2348 904 2378 in
932 2348 1019 2378 idem
1044 2346 1134 2379 audi.
