1742 2902
175 336 219 372 12

173 478 218 513 13

141 745 188 793 ll

315 148 358 184 12
670 146 773 178 Liber
797 144 890 176 XLI.
942 145 1004 185 (A.
1035 154 1065 176 u.
1094 155 1121 176 c.
1152 144 1250 185 577.)

252 268 472 315 Aquileiam
497 274 539 303 ut
562 267 794 312 conveniret,
824 281 870 304 ne
901 268 991 316 quid
1021 280 1061 304 se
1083 270 1215 305 Romae
1241 274 1397 312 teneret,
1429 282 1504 317 qno
1529 270 1664 316 minus,

251 337 351 373 votis
382 336 621 384 nuncupatiS,
653 336 858 384 paludatus
887 339 935 374 ab
962 339 1054 374 urbe
1077 338 1210 375 exiret.
1255 338 1349 374 Haec
1373 350 1395 374 a
1419 338 1567 386 collega
1590 340 1663 376 ob—

251 413 454 453 sequenter
483 406 611 451 facta,
645 407 847 454 brevisque
888 407 967 443 dies
1008 407 1054 443 ad
1096 407 1394 443 conveniendum
1435 408 1559 443 edicta
1596 414 1664 444 est.

251 474 435 511 Claudius
476 489 596 525 prope
635 485 860 514 consecutus
904 483 961 512 est-
1001 476 1146 512 litteras
1187 489 1289 513 suas.
1363 478 1553 514 Contione
1596 477 1663 514 ad·

250 545 406 580 veniens
436 546 483 582 de
507 547 651 582 Manlio
683 554 720 582 et
744 547 855 583 Iunio
886 545 1028 589 habita,
1060 558 1134 581 non
1166 547 1265 582 ultra
1294 546 1460 582 triduum
1493 554 1663 584 moratus

248 614 404 656 Romae,
437 615 629 662 paludatis
670 617 865 652 lictoribus
908 615 1085 662 votisque
1126 616 1162 651 in
1195 615 1385 663 Capitolio
1423 616 1663 664 nuncupatis,

248 681 286 718 in
318 684 555 731 provinciam
587 698 694 733 oeque
729 698 773 721 ac
806 686 910 733 prius
945 684 1127 732 praecipiti
1157 684 1350 720 celeritate
1381 685 1471 720 abit.

363 754 502 789 Paucis
551 762 638 789 ante
686 755 817 790 diebus
875 755 1007 791 Iunius
1055 754 1298 801 Manliusque
1355 755 1537 802 oppidum
1583 755 1663 792 Ne-

249 822 430 864 sactium,
477 835 552 871 quo
592 836 633 860 se
672 825 861 872 principes
897 825 1116 860 Histrorum
1150 831 1185 860 ct
1215 823 1368 871 regulus
1399 825 1479 872 ipse
1513 825 1662 873 AEpulo

247 899 468 939 receperat,
513 905 662 930 Summa
707 895 743 930 vi
776 902 1058 942 oppugnarunt.
1125 894 1183 930 Eo
1216 893 1399 930 Claudius
1432 894 1580 930 duabus
1610 895 1662 931 le-

246 960 424 1008 gionibus
455 963 564 998 novis
595 963 788 1007 adductis,
831 971 958 999 vetere
996 964 1164 999 exercitu
1193 975 1276 999 cuin
1310 963 1388 998 suis
1418 963 1577 999 ducibus
1607 964 1662 999 di-

247 1030 377 1073 misso,
409 1031 490 1079 ipse
521 1034 702 1081 oppidum
735 1034 977 1069 circumsedit
1007 1041 1042 1069 et
1075 1033 1452 1081 vineis'oppugnare
1481 1033 1662 1077 intendit;

249 1111 478 1148 amnemque
518 1104 833 1150 praeterfluentem
883 1104 1042 1148 moenia„
1096 1103 1160 1151 qui
1212 1109 1249 1139 et
1292 1102 1548 1150 inpedimento
1592 1115 1663 1151 op-

246 1172 507 1217 pugnantibus
545 1180 627 1208 erat
671 1180 708 1209 et
745 1174 989 1222 aquationem
1030 1174 1172 1209 Histris
1201 1174 1415 1221 praebebat,
1459 1172 1661 1209 multorum

247 1239 392 1276 dierum
428 1254 543 1290 opere
573 1251 771 1291 exceptum
805 1256 906 1280 novo
938 1244 1048 1279 alveo
1081 1243 1229 1279 avertit.
1295 1243 1353 1279 Ea
1383 1254 1443 1279 res
1475 1243 1663 1279 barbaros

246 1310 430 1345 miraculo
464 1313 597 1348 terruit
628 1314 786 1350 abs‹·isae
817 1326 948 1361 aquae3
994 1320 1027 1349 et
1074 1326 1120 1349 ne
1165 1321 1242 1348 tum
1281 1312 1431 1360 quidem
1474 1324 1662 1349 memores

244 1378 364 1426 pacis,
395 1379 430 1414 in
467 1380 606 1417 caedem
639 1383 842 1430 coniugum
875 1396 919 1419 ac
951 1383 1156 1419 liberorum
1188 1382 1310 1425 versi,
1341 1382 1454 1417 ctiam
1486 1389 1525 1418 ut
1555 1394 1662 1430 spec-

245 1449 372 1484 taculo
417 1450 590 1487 hostibus
635 1460 711 1488 tam
758 1452 900 1500 foedum
947 1452 1094 1489 facinus
1132 1458 1250 1496 esset,
1296 1451 1423 1500 palam
1469 1451 1507 1487 in
1547 1452 1664 1488 muris

245 1519 455 1555 trucidatos
493 1521 795 1570 praecipitabant.
871 1524 976 1559 Inter
1015 1523 1127 1559 simul
1171 1521 1510 1571 complorationem
1553 1521 1663 1557 femi-

245 1600 380 1624 narum
422 1602 726 1639 puerorumque,
771 1593 883 1628 simul
924 1593 1127 1629 nefandam
1170 1592 1308 1629 caedem
1355 1591 1491 1626 milites
1537 1597 1663 1626 trans-

243 1660 363 1706 gressi
402 1673 549 1696 murum
584 1661 765 1708 oppidum
797 1663 999 1701 intrarunt.
1080 1662 1198 1705 Cuius
1242 1661 1343 1708 capti
1378 1662 1564 1696 inter-itum
1598 1659 1663 1696 ubi

245 1741 291 1764 ex
317 1730 458 1776 pavido
482 1731 649 1766 clamore
674 1731 897 1779 fugientium
923 1732 1069 1780 accepit
1099 1744 1179 1776 rex,
1210 1730 1359 1766 traiecit
1392 1729 1494 1766 ferro
1519 1738 1664 1778 pectus,

247 1811 293 1834 ne
325 1800 434 1835 vivus
465 1808 685 1849 capel-ctum
718 1802 831 1837 ceteri
866 1802 967 1849 capti
998 1809 1063 1837 aut
1104 1801 1231 1839 occisi.
1288 1801 1377 1836 Duo
1419 1800 1553 1836 deinde
1595 1812 1663 1848 op-

246 1868 349 1916 pida,
381 1869 518 1905 Mutila
549 1877 584 1905 et
617 1870 794 1914 Faveria,
839 1872 875 1907 vi
921 1879 1035 1919 capta
1065 1878 1101 1907 et
1132 1870 1268 1907 deleta.
1335 1869 1493 1913 l’raeda,
1539 1875 1579 1904 ut
1624 1868 1662 1903 in

246 1945 359 1985 gente
403 1938 528 1986 inopi,
580 1952 648 1988 spe
693 1942 815 1976 maior
859 1940 949 1985 fuit7
1007 1946 1043 1976 et
1088 1940 1210 1976 omnis
1256 1939 1435 1975 militibus
1481 1949 1663 1974 concessa

248 2015 316 2043 est.
402 2009 437 2044 V
477 2009 580 2045 inilia
629 2010 795 2057 capitum
842 2008 1089 2046 DCXXXII
1136 2010 1206 2045 sub
1257 2021 1401 2045 corona
1445 2008 1662 2052 venierunt;

247 2086 423 2115 auctores
468 2079 556 2115 belli
599 2079 717 2127 virgis
761 2079 848 2116 caesi
893 2087 930 2115 et.
965 2079 1087 2115 securi
1128 2078 1311 2127 percussi.
1393 2078 1541 2113 Histria
1581 2085 1663 2114 tota

249 2254 303 2289 12,
343 2258 353 2284 1
397 2265 416 2284 a
451 2255 590 2293 collcgae
617 2255 688 2296 My.
716 2255 788 2286 Em.
817 2253 896 2286 499.
937 2253 1055 2296 (Gryn.
1094 2254 1176 2285 Haec
1211 2252 1366 2292 collogae)
1419 2257 1436 2283 2
1474 2252 1661 2293 brevisquae

248 2311 303 2350 13,
321 2315 338 2341 2
357 2313 493 2343 moratis
522 2317 537 2342 4
557 2322 651 2353 aequc
677 2313 820 2353 amplius
831 2311 1036 2343 Florebellus.
1076 2310 1183 2347 X1‚1‚
1203 2314 1213 2340 1
1230 2310 1451 2350 manlinsquae
1473 2309 1478 2348 Ι
1500 2310 1661 2350 oppidum

249 2375 282 2399 et
303 2370 440 2399 mattius
457 2368 619 2399 Cluverius
636 2369 755 2410 (Gr-yn.
772 2370 979 2410 Nesattium)
1029 2373 1049 2400 3
1076 2374 1273 2409 oppugnant
1292 2367 1362 2408 My.
1381 2367 1502 2405 (Gron.
1530 2376 1661 2408 oppug-

248 2439 388 2475 narunt)
428 2436 460 2470 ἰ),
480 2441 491 2467 l
511 2437 703 2476 legionibus
730 2420 774 2469 du
801 2439 894 2470 novis
943 2443 961 2469 2
989 2439 1148 2469 dimissos
1205 2441 1224 2467 3
1254 2437 1408 2469 interditi‘i
1436 2436 1467 2467 in
1489 2436 1554 2476 fine
1580 2446 1658 2467 vers.

248 2493 280 2531 3,
308 2498 326 2524 2
354 2501 448 2524 erant
498 2498 517 2525 3
545 2504 630 2525 nova
686 2495 718 2532 4,
747 2500 764 2526 2
793 2497 1004 2536 abscisaquae
1026 2496 1031 2534 Ι
1053 2504 1182 2525 meores
1217 2495 1248 2524 in
1276 2495 1368 2534 pacis
1409 2498 1429 2524 4
1456 2493 1661 2525 facinorosae

249 2551 363 2592 palum
413 2551 445 2584 5.
463 2556 480 2582 2
509 2561 767 2593 pucrorumquae
816 2553 879 2586 6,1
911 2554 997 2594 capti
1025 2552 1142 2583 tumuli
1171 2562 1213 2582 ex
1240 2551 1311 2592 2119.
1344 2550 1467 2591 (Gryn.
1496 2551 1583 2591 eapti
1609 2556 1661 2581 tu·

249 2609 393 2640 multum
421 2609 476 2649 ut)
527 2608 558 2645 7,
586 2614 603 2639 2
645 2615 681 2639 ut
707 2610 839 2641 incendi
867 2610 956 2651 inopi
1005 2609 1038 2646 8,
1071 2612 1082 2639 l
1114 2619 1145 2640 u.
1175 2609 1319 2650 capitum
