1742 2902
441 115 543 146 Liber
569 113 678 146 XLII.
746 114 809 154 (A.
838 113 916 146 Chr.
949 114 1044 155 173.)
1343 120 1387 154 41

42 237 293 274 Decemviros
325 236 361 271 in
393 248 477 272 eam
510 249 583 272 rem
614 249 661 272 ex
691 232 845 272 senatus
876 237 1048 273 consulto
1075 237 1218 273 creavit
1239 239 1286 274 A.
1307 238 1449 274 Atilius

42 312 182 356 praetor
211 305 380 341 urbanus
410 306 464 342 M.
495 305 696 342 AEmilium
720 305 920 353 Lepidum,
952 305 994 343 C.
1027 305 1216 349 Cassium,
1245 306 1292 344 T.
1323 307 1450 343 AEbu-

42 375 133 412 tium
165 373 329 419 Carum,
364 373 407 410 C.
435 374 706 418 Tremellium,
740 375 786 411 Ρ.
819 374 1037 411 Cornelium
1073 375 1303 424 Cethegum,
1335 376 1381 423 Q.
1414 383 1452 412 et

42 445 87 482 L.
117 443 328 492 Apuleios,
368 444 420 481 M.
453 442 668 488 Caecilium,
699 442 741 480 C.
773 444 985 489 Salonium,
1016 444 1058 482 C.
1090 445 1318 485 Munatium.
1379 445 1449 482 Di-

40 514 208 550 viserunt
234 513 332 549 dena
361 513 495 560 iugera
525 513 560 548 in
591 512 781 561 singulos,
827 513 940 549 sociis
979 514 1141 550 nominis
1174 514 1301 550 Latini
1332 520 1449 552 terna.

41 584 117 621 Per
145 582 245 618 idem
276 588 446 630 tempuS,
481 594 557 630 quo
588 582 668 618 haec
699 583 933 630 agebantur,
967 583 1084 631 legati
1115 596 1161 619 ex
1193 583 1343 620 AEtolia
1372 585 1449 621 Ro-

39 664 140 689 mam
172 658 358 688 venerunt
397 651 443 686 de
474 651 673 688 discordiis
711 652 1037 700 seditionibusque
1069 653 1165 697 suis,
1207 660 1243 689 et
1273 654 1450 690 Thessali

39 721 156 771 legat-i
186 721 416 766 nuntianteS,
451 733 534 768 quae
563 721 601 757 in
632 721 863 758 Macedonia
895 729 1129 770 gererentur.

149 791 333 835 Perseus,
365 790 503 826 bellum
535 791 611 827 iam
644 791 733 828 vivo
765 796 874 838 patre
904 792 1112 840 cogitatum
1141 792 1178 828 in
1210 793 1337 829 animo
1369 793 1450 829 vol-

39 871 144 906 vens,
177 871 308 896 omnes
339 871 415 894 non
444 867 577 907 gentes
608 860 723 895 modo
746 859 918 904 Graeciae,
949 861 1015 897 sed
1047 861 1219 898 civitates
1251 863 1364 898 etiam
1398 863 1449 899 le-

38 929 256 979 gationibus
299 929 511 974 mittendis,
559 929 775 978 pollicendo
817 929 928 977 plura
959 942 1074 978 quam
1106 931 1341 979 praestando,
1379 932 1451 968 sibi

38 997 278 1035 conciliabat.
330 998 453 1034 Erant
483 1005 610 1034 tamen
642 1011 790 1047 magnae
820 999 940 1047 partis
970 1000 1165 1036 hominum
1197 1000 1245 1035 ad
1276 1000 1449 1036 favorem
1483 1013 1490 1020 ·

38 1066 117 1103 eius
146 1058 315 1103 inclinati
348 1067 465 1103 animi
505 1075 541 1104 et
581 1068 777 1116 aliquanto
819 1080 933 1117 quam
975 1069 1013 1104 in
1044 1069 1254 1106 Eumenem
1286 1082 1449 1117 propen-

37 1136 175 1179 siores,
219 1148 303 1171 cum
335 1137 518 1173 Eumenis
558 1138 749 1174 beneficiis
791 1138 1089 1185 muneribusque
1126 1151 1257 1175 omnes
1288 1138 1450 1176 Graeciae
1483 1151 1489 1158 ·

37 1205 210 1242 civitates
249 1211 286 1241 et
324 1206 496 1255 plerique
533 1207 747 1255 principum
789 1207 948 1255 obligati
989 1214 1133 1253 essent,
1178 1215 1214 1244 et
1250 1208 1305 1244 ita
1342 1220 1382 1244 se
1411 1208 1450 1244 in

36 1286 154 1323 regno
184 1287 253 1311 suo
284 1283 444 1324 gereret,
477 1283 528 1322 ut,
566 1289 650 1324 quae
679 1277 750 1313 sub
774 1277 923 1313 dicione
953 1277 1032 1313 eius
1062 1277 1175 1313 urbes
1206 1284 1331 1323 essent,
1364 1278 1449 1314 nul-

35 1344 107 1381 lius
137 1345 265 1382 liberae
295 1346 459 1383 civitatis
490 1346 683 1383 fortunam
715 1359 843 1383 secum
875 1354 1059 1384 mutatam
1091 1347 1239 1384 vellent.
1304 1346 1449 1384 Contra

35 1415 180 1452 Persea
208 1415 315 1452 fama
345 1423 426 1452 erat
456 1423 544 1464 post
572 1416 692 1465 patris
717 1424 878 1453 mortem
910 1429 1067 1453 uxorem
1101 1429 1214 1453 manu
1246 1429 1316 1453 sua
1346 1417 1445 1453 occi-

36 1485 154 1529 disse;
185 1485 385 1533 Apellem,
417 1486 629 1522 ministrnm
662 1486 855 1533 quondam
886 1485 1033 1522 fraudis
1061 1487 1098 1522 in
1128 1486 1248 1522 fratre
1277 1486 1445 1522 tollendo

37 1555 162 1603 adque
199 1557 247 1592 ob
288 1556 326 1591 id
370 1554 443 1605 [et]
477 1556 673 1603 quaesitum
706 1569 730 1591 a
758 1555 940 1603 Philippo
979 1556 1027 1592 ad
1069 1555 1315 1604 supplicium,
1354 1569 1445 1592 exu-

35 1623 189 1668 lantem,
221 1625 444 1662 accersitum
471 1631 560 1674 post
589 1625 709 1673 patris
740 1633 900 1661 mortem
922 1625 1138 1674 ingentibus
1169 1626 1366 1674 promissis
1397 1626 1447 1662 ad

36 1694 192 1741 praemia
221 1700 337 1730 tantae
367 1701 596 1743 perpetratae
629 1694 695 1738 rei,
726 1694 823 1730 clam
854 1694 1099 1732 interfecisse.
1157 1696 1351 1732 Intestinis
1381 1708 1449 1731 ex·
1481 1699 1495 1728 .”

36 1763 228 1811 ternisque
257 1771 442 1812 praeterea
473 1764 601 1800 multis
636 1764 802 1800 caedibus
832 1764 1013 1802 infamem
1049 1777 1118 1801 nec
1148 1764 1225 1800 ullo
1256 1776 1445 1800 commen-

38 1832 201 1869 dabilem
237 1833 371 1870 merito
402 1831 659 1880 praeferebant
687 1834 804 1881 vulgo
833 1834 1006 1872 civitates
1034 1842 1110 1871 tam
1142 1834 1206 1882 pio
1238 1845 1329 1880 erga
1358 1845 1447 1880 pro-

37 1901 221 1950 pinquos,
255 1910 333 1938 tam
366 1902 466 1938 iusto
497 1903 534 1938 in
565 1902 689 1948 cives,
722 1912 799 1939 tam
835 1906 1012 1941 munifico
1044 1917 1136 1953 erga
1166 1915 1296 1940 omnes
1326 1902 1447 1938 homi-

36 1982 102 2006 nes
131 1971 224 2019 regi,
269 1984 334 2008 seu
377 1971 484 2008 fama
526 1980 561 2008 et
606 1973 806 2009 maiestate
836 1975 1090 2011 Macedonum
1129 1985 1262 2021 regum
1304 1983 1448 2020 praeoc-

39 2042 164 2089 cupati
212 2041 260 2078 ad
306 2042 561 2090 spernendam
609 2042 794 2090 originem
824 2043 915 2079 novi
944 2043 1074 2091 regni,
1119 2054 1186 2078 seu
1227 2041 1448 2078 mutationis

37 2184 70 2222 4,
99 2190 112 2217 l
142 2188 177 2218 in
203 2198 274 2220 eam
303 2200 345 2220 ex
409 2194 427 2220 2
464 2196 485 2221 t.
514 2190 663 2221 ebutium
688 2199 826 2230 parrum
852 2189 947 2230 Piyh.
1012 2193 1030 2220 3
1065 2199 1094 2229 q.
1124 2189 1308 2220 cornelium
1335 2189 1449 2219 cethe-

39 2252 183 2284 gumque
209 2252 242 2277 et
265 2247 286 2278 l.
308 2247 458 2288 apuleios
509 2251 529 2277 4
555 2247 711 2278 salinium
762 2246 794 2285 5,
823 2251 842 2276 4
870 2247 1090 2278 seditionibus
1113 2247 1245 2287 suisque
1267 2247 1273 2286 Ι
1294 2246 1449 2277 thessalis

42 2313 59 2342 5
86 2299 304 2353 get-emientur
351 2316 395 2354 V,
416 2316 446 2353 1,
472 2320 483 2346 1
506 2316 572 2346 iam
591 2316 716 2347 bellum
739 2314 810 2356 My.
830 2314 902 2346 Em.
923 2314 1001 2345 510.
1054 2319 1071 2345 2
1093 2316 1202 2346 omnis
1251 2315 1283 2353 2,
1307 2319 1318 2346 l
1342 2314 1448 2354 (Num

39 2369 145 2402 Erant
158 2378 268 2403 autem
281 2373 313 2412 Ρ)
337 2374 341 2411 Ι
363 2373 502 2412 partiter
517 2372 648 2414 Kreyss.
675 2372 796 2413 (Gryn.
813 2381 936 2411 magna
951 2381 992 2402 ex
1007 2373 1117 2412 parte)
1135 2373 1139 2414 1'
1154 2372 1305 2403 faborem
1333 2376 1351 2403 2
1368 2372 1449 2403 auiti

41 2444 73 2469 et
87 2440 284 2481 aliquantoo
321 2441 353 2478 3,
369 2445 388 2472 3
406 2441 505 2472 urbes
520 2441 632 2472 nullus
653 2439 748 2471 Curio
767 2440 909 2480 (nullius
928 2440 1048 2482 Gryn.)
1081 2440 1114 2476 4,
1130 2445 1148 2471 2
1163 2450 1305 2481 persean
1324 2440 1449 2471 famam

45 2504 184 2548 {patriss
206 2510 210 2549 Ι
232 2519 445 2540 uxoremanu
487 2514 506 2540 3
531 2509 924 2551 apellemmeministrum
963 2513 982 2539 4
1008 2509 1041 2539 id
1061 2514 1095 2540 et
1119 2510 1288 2550 quesitum
1315 2508 1448 2551 Kreyss.

42 2563 162 2607 (Gr-yn.
199 2567 241 2597 ob
275 2567 309 2596 id
341 2567 556 2606 requisitum)
580 2568 585 2606 1
609 2567 818 2598 exultantem
880 2569 898 2596 6
923 2571 1018 2597 tanta
1072 2566 1111 2604 5,
1140 2571 1157 2597 2
1191 2576 1303 2608 praeea
1336 2566 1451 2597 multis

42 2623 61 2651 3
87 2623 288 2664 propisquos
338 2627 357 2653 4
385 2624 467 2655 ciuis
520 2623 551 2661 6,
579 2627 597 2654 2
625 2623 851 2664 spernendum
884 2622 982 2654 Gron.
