1742 2902
457 133 559 164 Liber
582 132 692 164 XLII.
744 132 803 172 (A.
835 132 912 163 Chr.
945 131 1037 171 172.)
1349 135 1393 168 51

44 256 153 306 perit,
183 255 327 291 socium
358 254 445 290 item
477 255 602 302 adque
623 233 785 291 amicum
812 262 993 299 vestrum,
1024 253 1223 291 interfecit.
1268 253 1456 290 Euersam

44 331 81 362 et
111 323 345 361 Callicritum
378 324 607 368 Thebanos,
648 323 838 371 principes
869 324 1053 368 civitatis,
1085 324 1176 371 quia
1204 323 1358 360 liberius
1389 323 1457 358 ad-

44 406 176 430 versus
205 406 289 430 eum
320 393 358 428 in
400 393 560 428 concilio
587 394 810 430 Boeotornin
842 393 958 429 locuti
1004 393 1157 430 fuerant
1187 393 1458 439 delaturosque

45 463 93 500 ad
137 474 233 506 vos,
278 474 362 510 quae
407 470 631 510 agerentur,
675 463 837 511 professi
884 470 1011 506 erant,
1060 462 1249 498 tollendos
1296 461 1457 497 curavit.

44 532 242 571 Auxilium
276 532 471 580 Byzantiis
502 532 686 569 adversus
717 533 841 569 foedus
872 531 978 574 tulit,
1020 532 1198 579 Dolopiae
1232 531 1369 567 bellum
1401 531 1458 566 in-

44 601 140 645 tulit,
171 601 414 637 Thessaliam
443 608 478 636 et
498 601 681 637 Doridem
710 614 794 638 cum
823 601 990 638 exercitu
1021 601 1205 649 pervasit,
1236 608 1275 636 ut
1299 600 1334 635 in
1358 599 1457 636 bello

43 671 220 708 intestino
251 671 450 707 deterioris
481 671 601 719 partis
626 671 768 708 auxilio
796 672 991 708 meliorem
1019 672 1229 720 adfligeret.
1276 669 1461 707 confudit

46 747 82 778 et
112 741 262 777 miscuit
292 741 420 777 omnia
450 741 486 776 in
518 741 723 777 Thessalia
756 742 1055 789 Perrhaebiaque
1086 754 1154 790 spe
1184 753 1370 776 novarum
1401 747 1459 776 ta-

45 810 240 853 bularum,
282 818 322 846 ut
357 823 471 846 manu
510 811 724 847 debitorum
766 812 935 847 obnoxia
975 812 1046 847 sibi
1078 818 1296 859 optumates
1327 809 1460 858 oppri-

45 887 174 917 meret.
220 881 315 916 Haee
345 892 429 916 cum
462 881 572 916 vobis
604 880 885 928 quiescentibus
919 888 956 916 et>
987 881 1219 929 patientibus
1249 879 1394 923 feeerit,
1425 886 1462 915 et

46 962 266 986 concessam
297 950 369 987 sibi
395 950 585 987 Graeeiam
618 962 701 986 esse
731 963 754 986 a
783 950 894 986 vobis
924 950 1066 995 videat,
1096 963 1168 998 pro
1199 958 1302 986 certo
1332 950 1461 994 habet,

45 1019 232 1056 neminem
263 1020 348 1064 sibi,
380 1027 585 1068 antequam
617 1020 654 1055 in
686 1019 841 1056 Italiam
873 1020 1076 1064 traiecerit,
1106 1028 1296 1056 armatum
1329 1032 1462 1055 occur-

46 1100 186 1127 surum.
244 1089 332 1126 Hoc
373 1102 487 1137 quam
528 1090 639 1126 vobis
673 1097 794 1125 tutum
831 1098 898 1126 aut
923 1091 1124 1126 honestum
1157 1090 1224 1133 sit,
1254 1101 1324 1125 vos
1355 1089 1461 1125 vide-

45 1158 147 1203 ritis;
177 1171 249 1207 ego
281 1168 381 1196 certe
415 1160 505 1196 mihi
536 1168 646 1208 turpe
680 1171 762 1195 esse
793 1159 896 1202 duxi,
930 1159 1035 1207 prius
1065 1160 1210 1196 Persea
1242 1159 1290 1195 ad
1320 1159 1461 1195 bellum

45 1228 306 1273 inferendum,
347 1242 461 1277 quam
502 1242 563 1265 me
593 1230 738 1266 socium
771 1229 819 1265 ad
851 1229 1154 1277 praedicendum,
1192 1235 1232 1265 ut
1262 1229 1462 1273 caveretis,

45 1299 175 1335 venire
204 1299 242 1335 in
263 1299 430 1338 Italiam.
475 1300 647 1336 Functus
678 1300 893 1336 necessario
925 1300 1016 1335 mihi
1047 1300 1175 1335 officio
1216 1306 1252 1334 et
1293 1299 1462 1346 quodam

46 1369 161 1405 modo
196 1369 361 1406 liberata
403 1370 528 1417 adque
569 1377 781 1406 exonerata
821 1369 895 1404 fide
933 1380 1040 1414 mea,
1081 1369 1172 1416 quid
1203 1368 1303 1404 ultra
1335 1367 1464 1403 facere

47 1451 217 1488 possum,
229 1452 343 1487 quam
362 1439 416 1475 uti
434 1440 525 1475 deos
542 1440 711 1487 deasque
728 1447 923 1486 precer,ut
939 1450 1009 1474 vos
1027 1446 1061 1474 et
1079 1448 1215 1475 vestrae
1231 1438 1285 1474 rei
1303 1438 1464 1486 publicae

48 1515 85 1546 et
104 1510 213 1545 nobis
230 1510 342 1546 sociis
361 1510 486 1557 adque
503 1510 648 1553 amicis,
671 1508 734 1556 qui
757 1521 803 1544 ex
826 1508 934 1544 vobis
961 1509 1182 1556 pendemus,
1203 1506 1462 1543 consulatis?“

157 1580 253 1616 Haec
293 1580 417 1615 oratio
459 1580 579 1615 movit
608 1586 738 1628 patres
768 1578 1017 1626 conscriptos.
1091 1578 1269 1615 Ceterum
1300 1577 1338 1612 in
1366 1588 1464 1624 prae-

49 1650 170 1687 sentia
199 1650 303 1695 nihil,
334 1658 588 1699 praeterquam
614 1648 733 1685 fuisse
757 1648 797 1684 in
829 1649 934 1684 curia
959 1661 1101 1697 regem,
1132 1649 1229 1684 scire
1259 1647 1464 1695 quisquam

49 1721 190 1769 potuit3
232 1733 277 1756 eo
310 1720 459 1756 silentio
491 1720 623 1755 clausa
653 1718 759 1754 curia
790 1725 882 1755 erat.
948 1719 1056 1755 Bello
1088 1719 1252 1766 denique
1281 1715 1465 1765 perfecto,

51 1800 211 1837 quaeque
253 1789 355 1825 dicta
393 1791 441 1825 ab
478 1802 569 1838 rege
610 1801 771 1836 quaeque
807 1801 994 1837 responsa
1031 1798 1178 1834 essent,
1223 1798 1466 1824 emanavere.

160 1859 294 1896 Persei
324 1859 459 1895 deinde
489 1859 590 1907 regis
620 1858 756 1907 legatis
786 1867 874 1907 post
902 1872 1047 1907 paucos
1073 1859 1154 1895 dies
1175 1866 1330 1895 senatus
1353 1857 1465 1892 datus

52 1934 119 1964 est.
165 1927 343 1965 Ceterum
366 1929 643 1977 praeoccupatis
665 1941 740 1964 non
763 1929 918 1964 auribus
950 1930 1072 1977 magis
1104 1942 1218 1977 quam
1250 1928 1386 1963 animis
1417 1928 1466 1963 ab

51 1997 223 2034 Eumene
252 2010 364 2046 rege,
402 1998 524 2033 omnis
556 2005 592 2033 et
623 1998 794 2034 defensio
825 2007 861 2034 et-
890 1999 1110 2047 deprecatio
1151 1999 1364 2045 legatorum
1404 2010 1467 2033 re-

53 2069 281 2116 spuebatur3
315 2075 353 2103 et
382 2068 628 2115 exasperavit
667 2069 816 2104 animos
856 2068 1002 2104 ferocia
1041 2068 1158 2104 nimia
1186 2067 1372 2115 Harpali,
1404 2066 1469 2115 qui

54 2137 230 2186 princeps
266 2137 469 2187 legationis
506 2144 602 2176 erat.
669 2139 710 2174 Is
748 2138 847 2174 velle
887 2138 1040 2186 quidem
1081 2145 1118 2173 et
1156 2137 1335 2174 laborare
1373 2137 1470 2174 dixit

57 2281 76 2309 3
102 2279 187 2310 idem
237 2279 268 2316 7,
299 2283 310 2310 1
341 2279 504 2311 Euersam
532 2287 561 2311 et
585 2281 673 2322 ity'ra
698 2280 754 2317 40,
796 2279 814 2310 7
853 2281 981 2311 Eruam
1015 2292 1123 2322 prava
1148 2287 1235 2319 sunt3
1270 2280 1328 2313 sed
1352 2281 1472 2312 incerta

57 2345 131 2367 vera
160 2337 291 2367 nominis
306 2339 431 2378 forma.
499 2342 517 2369 3
545 2339 723 2369 boetorum
788 2338 820 2375 8,
852 2342 864 2368 l
894 2339 1044 2378 byzuntis
1068 2341 1072 2378 Ι
1094 2339 1183 2369 bella
1213 2339 1311 2371 (ΣΙ-οη.
1391 2339 1422 2376 9,
1453 2342 1467 2369 l

58 2403 162 2444 coldit
210 2409 228 2435 2
255 2407 392 2437 tessalia
419 2407 663 2448 perthebiaque
711 2411 730 2437 3
761 2407 944 2446 optumatis
992 2406 1046 2444 10,
1065 2411 1084 2437 3
1111 2393 1365 2439 occursumrum
1414 2407 1470 2446 11,

61 2465 76 2493 1
104 2463 358 2494 uobistumhaut
375 2464 554 2496 honestum
593 2469 612 2495 3
641 2465 871 2505 quamescium
897 2465 938 2494 ad
970 2466 1188 2505 praedicendis
1224 2471 1282 2496 aut
1307 2466 1471 2497 caueretis

59 2518 115 2556 12,
130 2525 149 2551 3
170 2523 237 2551 utei
260 2522 264 2560 l
288 2522 433 2562 deasque
459 2528 579 2562 praeter
632 2526 652 2551 4
679 2528 711 2552 et
738 2521 835 2552 nouis
908 2521 1006 2560 XIV,
1028 2522 1059 2560 1,
1080 2527 1098 2553 2
1121 2525 1207 2554 turia
1254 2523 1286 2562 2,
1308 2527 1326 2554 3
1354 2530 1388 2553 et
1413 2523 1471 2554 de-

58 2587 165 2620 fensio
198 2577 231 2619 et
255 2589 406 2621 defensio
431 2579 464 2621 et
489 2591 692 2631 depraecatio
725 2591 729 2630 Ι
761 2590 1000 2631 erespuebatur
1079 2592 1112 2631 3,
1142 2595 1155 2623 1
1194 2592 1322 2624 ferocia
1346 2576 1473 2623 animai

63 2644 160 2677 Gron.
188 2646 308 2689 (Gryn.
336 2648 455 2688 animi)
506 2652 524 2678 2
551 2648 718 2688 principes

1166 2722 1205 2754 4,

1490 257 1509 290 7

1496 883 1542 918 10

1496 1093 1541 1128 11

1498 1302 1546 1338 12

1525 1572 1577 1620 14
