1742 2902
757 143 809 168 XV

79 266 124 301 ab
154 264 335 300 Heraclea
364 263 515 311 quidem
547 263 682 299 dicitur
713 261 845 297 eodem
879 262 1013 305 mode,
1055 274 1130 309 quo
1165 263 1203 306 1,
1236 265 1306 305 50,
1340 264 1359 297 3
1398 262 1487 298 Tur-

79 332 145 356 nus
185 318 393 354 Herdonius
431 319 476 353 ah
510 316 637 354 Anicia
666 323 701 352 et
731 316 893 359 XLIII,
929 318 988 359 19,
1027 318 1068 352 13
1105 317 1244 352 Adaeus
1279 317 1435 353 Macedo
1465 332 1487 354 α

80 374 232 417 Bet-(ea,
267 373 328 408 ubi
360 372 498 408 Cicero
529 379 565 407 et
595 371 726 408 Caesar
767 370 906 418 aliique
938 371 1146 407 ablativum
1179 371 1299 407 solum
1331 379 1488 419 ponunt.

79 430 124 465 ab
159 429 339 463 Heraclea
375 439 418 462 ea:
453 426 566 462 Sintis
611 439 680 474 pro
720 426 765 461 ab
797 426 977 461 Heraclea
1019 428 1156 461 &utica
1196 426 1255 462 vel
1293 427 1339 462 ab
1369 426 1418 463 Η.
1451 429 1484 463 in

79 483 192 519 Sintis
233 473 333 532 (εἶφ’
360 473 634 531 ‘Hoauht'ag
683 478 763 529 ’τῆς
801 481 847 518 ἐν
887 479 1086 524 Σίντοις)
1132 493 1177 516 eo
1227 481 1361 522 modo,
1412 494 1487 529 quo

79 540 257 583 Maqnetes
297 550 320 572 a
352 536 478 584 Sipylo
515 537 624 577 (Tac.
657 537 758 571 Anu.
791 536 852 579 ΙΙ,
893 539 988 579 47),
1038 535 1100 583 qui
1143 536 1305 583 patriam
1346 537 1489 572 habent

79 591 317 641 Magnesiam
348 591 400 626 ad
414 592 579 642 &pylum
610 597 646 626 et
667 590 753 626 inde
779 590 854 625 alio
871 599 1054 626 venerunt
1072 590 1249 636 (Emend.
1270 603 1304 637 p.
1326 593 1396 626 431
1421 590 1486 639 n.).

188 645 284 694 Cap.
324 649 387 688 5⁴,
420 648 454 682 6.
521 645 854 691 Quemadmodum
886 645 923 680 in
954 645 1051 680 libro
1084 645 1235 688 XLIV,
1258 646 1293 688 2,
1317 648 1336 681 4
1372 658 1486 693 quum

79 709 194 739 esset:
233 702 357 737 consul
385 722 437 727 -—-
461 702 646 750 profectus
685 701 831 735 decumo
877 706 963 747 post
1003 700 1081 742 die,
1131 712 1239 747 qnam
1298 702 1485 735 ezercitum

77 763 276 804 acceperat,
307 762 431 791 castra
460 757 579 797 movit,
609 755 683 790 iam
716 755 752 790 in
785 754 970 791 Emendd.
993 767 1028 802 p.
1059 755 1136 791 558
1170 754 1248 790 dixi
1280 754 1487 791 tollendum

78 823 160 848 esse
186 812 381 858 profectus,
412 810 515 856 quod
545 821 702 857 prorsus
734 821 913 857 perverse
945 821 1019 844 uua
1050 810 1253 845 verborum
1287 809 1487 845 continua-

78 866 180 903 tione
209 865 340 902 consul
370 864 532 912 primum
564 862 757 911 profectus
788 863 987 905 diceretur,
1021 863 1105 899 dein
1137 871 1240 899 certo
1271 864 1331 899 die
1362 873 1487 900 castra

78 920 244 957 movisse
275 922 356 965 (aut
388 919 549 967 primum
581 918 775 966 profectus
798 925 900 953 certo
933 918 1004 962 die,
1037 918 1123 953 dein
1145 925 1271 953 castra
1294 918 1486 965 movisse).

76 976 130 1012 sie
161 976 196 1011 h.
228 975 250 1011 l.
281 987 357 1010 non
393 973 544 1016 dubito,
575 973 664 1020 quin
696 984 875 1020 perverse
895 972 1044 1008 dicatur
1070 985 1138 1009 nee
1169 985 1192 1008 a
1223 973 1334 1008 Livio
1368 973 1486 1021 serip-

77 1036 155 1066 tum
187 1030 252 1066 sit:
306 1031 445 1065 incenso
483 1028 616 1076 oppido
644 1030 831 1075 projectus
861 1027 913 1062 acl
942 1027 1174 1063 Phalannam
1203 1034 1329 1063 eastra
1359 1029 1486 1071 movit3

77 1097 200 1131 neque
230 1084 327 1120 enim
350 1090 473 1120 castra
493 1084 613 1125 movit,
642 1082 745 1129 quod
777 1089 813 1117 et
843 1081 997 1129 proprie
1027 1088 1064 1117 et
1094 1094 1162 1118 usu
1185 1082 1306 1130 ipsum
1342 1082 1486 1119 itineris

77 1139 220 1175 initium
265 1147 302 1175 et
331 1151 354 1174 a
385 1138 512 1186 priore
541 1137 627 1173 loco
669 1137 876 1172 discessum
911 1137 1118 1184 significat,
1162 1136 1365 1185 participio
1396 1150 1485 1185 pro-

68 1195 188 1240 fectus
217 1193 421 1241 superaddi
460 1199 586 1240 potest
622 1199 802 1238 tanquam
845 1191 916 1227 viae
955 1198 1122 1227 tenorem
1162 1191 1346 1228 indicans.
1406 1194 1486 1228 Aut

76 1248 191 1295 igitur
219 1249 257 1284 in
287 1250 394 1284 ‘movit
423 1260 530 1283 eri-01·
559 1254 614 1283 est
645 1247 871 1294 scripsitque
889 1246 1020 1282 Livius
1037 1246 1086 1282 ad
1117 1246 1276 1282 eandem
1307 1246 1485 1291 formam,

79 1315 191 1350 quam
224 1315 255 1338 c,
289 1305 352 1346 61,
390 1305 426 1338 ll
460 1308 608 1349 postero
639 1302 696 1337 (lie
721 1303 907 1349 profectus
937 1301 1019 1336 inde
1051 1301 1103 1337 ad
1132 1302 1338 1348 sslopselum
1364 1303 1487 1348 posuit

78 1363 222 1399 eastra,
259 1364 322 1392 aut
363 1358 435 1393 hoe
469 1369 621 1404 quoque
658 1357 744 1392 loco
785 1368 904 1404 prave
935 1356 1103 1391 additum
1136 1363 1193 1391 est
1216 1357 1403 1403 profectus
1436 1356 1485 1392 ad

78 1411 362 1454 declarandum,
393 1411 483 1458 quid
514 1418 613 1446 esset
647 1418 774 1447 castra
804 1423 969 1446 movere.
1030 1414 1047 1455 ξ
1079 1414 1121 1446 10
1154 1417 1325 1458 apparet,
1356 1422 1484 1447 neces-

77 1466 179 1501 sario
209 1466 411 1513 geminatis
443 1466 592 1501 duabus
619 1465 753 1502 litteris
792 1467 823 1501 is
857 1464 1071 1501 addendum
1111 1465 1228 1501 fuisse
1257 1465 1294 1500 in
1325 1465 1486 1502 transitu

77 1520 260 1556 orationis
305 1521 353 1556 ad
398 1532 536 1555 novam
583 1533 659 1556 rem
700 1520 874 1567 proxime
910 1520 1159 1555 nominatam.
1232 1522 1250 1563 ξ
1284 1522 1304 1555 5
1341 1532 1364 1555 a
1394 1532 1484 1556 vero

75 1574 229 1622 genitivi
272 1586 356 1610 cum
404 1575 520 1609 verbo
562 1587 636 1610 esse
665 1574 854 1610 coniuncti
895 1586 964 1609 usu
1005 1574 1118 1622 longe
1151 1574 1294 1610 distare
1324 1574 1485 1619 videtur,

75 1628 177 1676 quod
221 1629 369 1677 eruptio
411 1629 548 1664 dicitur
586 1641 669 1664 esse
713 1629 778 1665 irae
819 1628 1040 1664 inconsultae
1071 1636 1151 1665 Vaut
1193 1641 1294 1664 verae
1338 1629 1485 1666 fiduciae

74 1682 222 1719 virium.

183 1736 278 1784 Cap.
312 1740 386 1780 56,
418 1740 438 1774 7
480 1751 528 1775 ex
561 1739 763 1786 halopetica
792 1745 901 1785 capta
938 1738 1153 1774 faciendum
1184 1738 1336 1774 videtur
1366 1738 1484 1787 Alope

70 1791 274 1828 Phthiotica
303 1798 434 1840 θαμίζω
474 1805 560 1829 nam
596 1801 631 1829 et
661 1794 774 1830 facile
803 1793 1005 1829 Phthiotica
1037 1793 1091 1829 sic
1122 1793 1315 1840 corrumpi
1358 1794 1482 1841 potuit

71 1852 107 1882 et
127 1854 228 1882 recte
256 1847 329 1882 hoe
355 1847 518 1889 additur,
549 1861 663 1895 quum
688 1849 808 1884 altera
832 1854 931 1884 esset
963 1848 999 1884 in
1032 1848 1164 1884 eadem
1183 1847 1334 1886 vicinia,
1367 1847 1482 1884 Chal-

69 1900 142 1937 cidi
181 1901 362 1949 propior,
401 1902 634 1947 Lot-rorum3
680 1909 716 1939 et
755 1902 1041 1946 Thessalicam,
1081 1903 1155 1938 hoc
1197 1909 1253 1938 est
1292 1903 1482 1939 Phthioti-

69 1966 166 1997 eam,
198 1956 350 2003 Alopen
391 1957 619 2004 significari,
665 1964 770 2005 patet
810 1970 858 1992 ex
887 1957 1034 1993 Larisae
1062 1955 1270 1993 Cremastae
1301 1957 1482 1994 adiuncta

68 2019 270 2046 mentione.

178 2063 274 2112 Cap.
303 2066 366 2108 59,
398 2066 419 2101 8
453 2077 568 2112 quum
599 2066 636 2102 in
669 2066 801 2102 codice
834 2073 933 2101 esset
963 2066 1016 2101 acl
1042 2067 1196 2102 insidias
1227 2068 1364 2102 eumeni
1386 2069 1480 2113 reqis

66 2130 153 2154 usus
185 2125 275 2161 erat,
309 2125 374 2154 aut
391 2119 566 2156 addenda
597 2121 715 2168 priori
746 2120 889 2157 nomini
920 2120 1047 2156 littera
1077 2133 1094 2156 s
1128 2127 1222 2165 erat,
1254 2121 1357 2169 quod
1377 2120 1479 2170 Gry-

67 2184 170 2208 naeus
199 2172 310 2214 feeit,
347 2180 412 2209 aut
441 2174 679 2212 detrahenda
712 2176 841 2219 alteri,
884 2175 987 2223 quod
1027 2187 1097 2222 ego
1129 2175 1213 2211 feci.
1290 2176 1394 2212 Nam
1426 2178 1478 2211 in-

66 2227 180 2263 sidias
206 2229 358 2264 alienius
377 2240 454 2270 eas,
485 2242 569 2277 qnae
599 2230 711 2266 alicui
745 2231 889 2271 fierent,
921 2229 985 2277 qni
1016 2230 1166 2273 dixerit,
1200 2243 1274 2266 non
1306 2230 1477 2278 reperio3

64 2282 203 2317 insidia:
243 2283 355 2318 alic-ui
391 2291 528 2330 praeter
564 2293 694 2321 notum
738 2285 909 2322 Sallustii
948 2284 1073 2321 locum
1111 2285 1149 2320 in
1181 2284 1294 2321 Catil.
1328 2287 1376 2321 32
1422 2285 1477 2321 di-

64 2344 199 2372 cuntur
238 2337 340 2384 apud
373 2337 500 2385 'ipsum
535 2339 686 2376 Livium
719 2340 769 2384 V,
805 2342 869 2382 28,
908 2340 950 2375 12
995 2340 1140 2385 (metum
1183 2340 1398 2375 insidiarum
1427 2342 1476 2386 ef-

54 2390 140 2437 fuse
177 2392 404 2438 sequentibus
442 2395 599 2436 sustulit,
630 2395 702 2431 hoc
733 2401 802 2437 est,
833 2400 962 2430 metum
981 2395 1140 2436 sustulit,
1171 2407 1213 2430 ne
1247 2395 1388 2430 insicIioe
1419 2396 1473 2442 eff.

62 2446 288 2492 sequentibus
306 2447 465 2494 fierent),
496 2448 703 2485 adiuvante
734 2455 815 2485 toto
846 2449 1050 2484 verborum
1083 2449 1301 2497 complexu,
1332 2457 1372 2485 ut
1404 2450 1476 2486 hoc

61 2498 146 2535 loeo
190 2501 460 2548 praepositione
504 2503 558 2539 ad
570 2516 578 2548 ;
627 2511 684 2540 est
721 2504 819 2540 enim
858 2503 910 2539 ad
951 2504 1104 2540 insidias
1149 2505 1228 2550 reqi
1264 2504 1473 2550 faciendas.

63 2553 239 2598 (XXIII,
272 2557 336 2600 35,
368 2558 387 2591 7
434 2569 477 2592 ue
519 2570 594 2605 qua
638 2559 869 2606 e.rprobrate'o
915 2559 1083 2605 cuiquam
1127 2560 1259 2595 veteris
1291 2561 1474 2606 sertorum

61 2607 136 2649 IX,
167 2609 229 2652 20,
263 2611 282 2644 5
310 2622 383 2657 pro
413 2613 567 2649 remedio
593 2615 701 2661 oeyris
729 2613 855 2657 rehus3
890 2613 1070 2657 XXVII,
1104 2615 1169 2657 37,
1206 2617 1247 2650 ll
1289 2614 1343 2650 ad
1369 2613 1475 2649 aliud
