1753 2934
505 159 730 190 LiberXLV.
775 161 835 194 (A.
858 158 937 190 Chr.
962 160 1056 195 167.)
1357 161 1429 196 261

79 291 145 322 aut
183 284 365 320 maiorem
403 283 672 330 imperatorem
719 283 934 330 triumphus
980 281 1105 318 faciet.
1168 277 1333 316 Militum
1366 281 1490 329 magis

77 354 115 390 in
154 354 225 389 hoc
264 352 501 399 universique
541 353 673 400 populi
708 352 871 389 Romani
915 351 1020 387 fama
1058 351 1203 399 agitur;
1237 350 1414 398 primum,
1445 362 1492 386 ne

77 422 228 458 invidiae
258 430 294 458 et
324 421 462 469 ingrati
494 421 610 457 animi
643 422 826 458 adversus
857 420 1107 457 clarissimum
1149 432 1337 467 quemque
1369 420 1491 457 civem

79 492 294 539 opinionem
340 492 482 527 habeat
526 499 561 526 ct
599 491 739 526 imitari
788 491 825 526 in
864 491 935 526 hoe
980 489 1162 538 populum
1201 490 1490 535 Atheniensem,

77 560 307 596 lacerantem
345 560 490 595 invidia
531 560 721 607 principes
760 571 872 604 snos,
902 559 1087 595 videatur.
1157 558 1259 595 Satis
1290 569 1488 606 peccatum

76 630 114 667 in
146 629 308 667 Camillo
339 642 362 665 a
393 629 601 665 maioribus
633 629 768 665 vestris
791 636 858 673 est,
890 641 1001 676 quem
1025 635 1152 663 tamen
1180 635 1267 663 ante
1297 637 1489 676 receptam

76 712 145 748 per
182 712 267 736 eum
307 711 331 735 a
372 699 497 736 Gallis
536 700 666 735 urbem
698 700 908 743 violarunt,
953 698 1046 733 satis
1089 709 1210 744 nuper
1254 710 1276 732 α
1314 698 1422 733 vobis
1454 698 1489 733 in

76 769 122 805 P.
154 768 353 806 Africano.
423 769 567 806 Literni
616 769 847 804 domicilium
885 775 922 803 et,
957 768 1084 804 sedem
1132 766 1248 802 fuisse
1289 767 1490 803 domitoris

76 838 243 883 Africae,
284 839 430 875 Literni
466 839 679 887 sepulcrum
724 838 884 882 ostendi,
924 838 1204 873 erubescamus.
1270 835 1407 873 Gloria
1442 837 1491 872 sit

75 919 148 955 par
178 908 250 944 illis
281 908 371 943 viris
410 910 453 948 L.
485 909 649 953 Paulus,
686 908 824 944 iniuria
863 915 991 943 vestra
1030 919 1072 942 ne
1101 913 1333 953 exaequetur.
1396 907 1491 942 Haee

75 976 191 1025 igitur
221 978 383 1026 primum
416 979 576 1014 infamia
607 978 790 1021 deleatur,
820 977 924 1013 foeda
955 983 1048 1024 aput
1078 976 1174 1012 alias
1203 983 1348 1023 gentes,
1380 977 1489 1011 dam-

75 1059 172 1083 nosa
203 1055 293 1096 aput
323 1056 486 1084 nostros.
556 1049 651 1095 Quis
682 1048 779 1083 enim
812 1055 879 1083 aut
908 1046 1087 1083 Africani
1117 1054 1182 1082 aut
1213 1046 1326 1083 Pauli
1356 1045 1488 1081 similis

77 1128 159 1152 esse
196 1117 233 1152 in
267 1119 420 1165 ingrata
463 1125 499 1154 et
537 1118 689 1154 inimica
726 1117 836 1153 bonis
876 1117 1030 1152 civitate
1070 1115 1186 1152 velit?
1243 1116 1284 1153 Si
1331 1114 1490 1151 iufamia

76 1186 179 1222 nulla
217 1195 317 1222 esset
356 1195 391 1223 et
432 1188 478 1223 ‹le
516 1188 642 1236 gloria
678 1195 824 1223 tantum
857 1194 1046 1234 ageretur.
1079 1186 1142 1233 qui
1171 1186 1323 1221 tandem
1356 1186 1488 1220 trium-

74 1256 172 1304 phus
202 1268 277 1292 non
309 1268 548 1293 communem
579 1257 743 1293 nominis
770 1256 935 1293 Romani
965 1256 1127 1304 gloriam
1158 1255 1303 1292 habet?
1333 1256 1411 1292 Tot
1444 1254 1491 1290 de

76 1324 201 1362 Gallis
228 1325 424 1374 iriumphi,
455 1334 511 1363 tot
537 1328 584 1363 de
613 1328 810 1376 Hispanis,
845 1334 901 1362 tot
930 1326 977 1362 de
998 1326 1127 1362 Poenis
1150 1326 1319 1374 ipsorum
1343 1333 1491 1361 tantum

74 1394 348 1443 imperatorum
381 1409 430 1432 an
477 1397 608 1445 populi
639 1397 804 1433 Romani
826 1395 1027 1432 dicuntur?
1060 1395 1392 1443 Quemadmodum
1416 1406 1491 1430 non

76 1464 122 1500 de
153 1466 304 1514 Pyrrho
339 1467 452 1502 modo
493 1479 562 1502 nee
593 1466 639 1502 de
669 1466 909 1509 Hannibale,
950 1467 1016 1502 sed
1047 1466 1094 1501 de
1122 1466 1293 1514 Epirotis
1328 1464 1491 1502 Cartha-

75 1535 385 1584 giniensibusque
416 1536 597 1585 triumphi
625 1536 700 1572 acti
731 1545 839 1580 sunt,
885 1537 938 1572 sic
974 1548 1050 1571 non
1080 1535 1145 1573 Μ’.
1177 1534 1314 1571 Curius
1343 1540 1492 1569 tantum

75 1617 145 1641 nec
176 1607 220 1642 P.
252 1605 464 1651 Cornelius,
496 1607 560 1643 sed
593 1606 756 1643 Romani
788 1606 1082 1654 triumpharunt.
1142 1605 1306 1640 Militum
1339 1603 1493 1650 quidem

76 1676 234 1724 propria
264 1684 319 1712 est
349 1688 478 1720 causa,
509 1676 573 1724 qui
603 1684 639 1712 et
670 1676 741 1724 ipsi
770 1675 931 1712 laureati
957 1682 993 1711 et
1017 1674 1178 1722 quisque
1201 1673 1323 1717 donis,
1355 1673 1493 1720 quibus

79 1745 210 1781 donati
239 1752 338 1789 sunt,
367 1746 534 1794 insignes
565 1746 796 1794 triumphum
820 1745 973 1781 nomine
994 1745 1135 1781 cientes
1165 1756 1332 1791 suasque
1358 1750 1393 1779 et
1423 1743 1493 1778 im-

77 1815 265 1864 peratoris
294 1815 426 1850 laudes
457 1822 636 1851 canentes
666 1828 734 1863 per
764 1816 894 1851 urbem
925 1815 1115 1852 incedunt.
1161 1814 1203 1851 Si
1233 1813 1387 1861 quando
1417 1825 1494 1848 non

79 1884 271 1933 deportati
304 1897 351 1920 ex
381 1885 580 1933 provincia
606 1885 743 1921 milites
775 1885 824 1921 ad
853 1885 1086 1934 triumphum
1113 1890 1213 1928 sunt,
1243 1883 1427 1927 fremunt3
1458 1888 1495 1919 et

81 2093 113 2131 5,
141 2097 159 2124 3
188 2093 336 2124 universi
357 2102 428 2132 pr.
480 2093 511 2129 (5,
539 2097 558 2123 4
585 2093 791 2123 lacerantem
818 2093 980 2123 inuidiam
1033 2091 1062 2124 7,
1091 2094 1108 2121 2
1137 2080 1211 2121 dein
1240 2089 1376 2121 camillo
1411 2089 1416 2126 Ι
1445 2098 1495 2118 re-

82 2157 214 2192 captam
283 2154 302 2181 3
341 2150 499 2181 uolarunt
532 2152 536 2189 i
571 2150 707 2190 insuper
745 2151 840 2181 uobis
867 2149 938 2191 My.
986 2154 1023 2189 (a
1065 2147 1242 2180 addiderat
1282 2146 1401 2186 Gron.)
1474 2149 1495 2176 4

83 2208 254 2239 domicilio
283 2214 316 2238 et
341 2217 375 2239 se
402 2217 468 2238 non
495 2208 609 2239 fuissae
683 2211 700 2238 5
729 2208 875 2238 ostendit
946 2207 978 2243 8,
1000 2211 1011 2237 l
1043 2207 1152 2246 gloria
1177 2206 1223 2236 sie
1249 2215 1309 2245 par
1337 2203 1408 2246 My.
1422 2202 1493 2235 Em.

88 2264 161 2296 620
221 2270 239 2296 2
267 2271 377 2297 uestra
403 2273 608 2306 exsequetur
634 2265 706 2307 My.
734 2264 753 2296 I.
775 2276 800 2296 c.
830 2266 945 2307 (Gr-yn.
967 2265 1107 2295 ostendi.
1136 2264 1393 2298 Erubescams,
1421 2261 1497 2301 glo·

83 2323 132 2354 ria
158 2323 184 2354 si
210 2333 270 2364 par
295 2324 316 2354 i.
343 2334 372 2354 v.
400 2324 439 2355 L.
466 2323 518 2361 P.‚
556 2324 677 2354 iniuria
702 2330 814 2354 vestra
840 2323 1054 2362 exaequctur)
1123 2325 1142 2352 3
1169 2320 1342 2351 infamiam
1414 2318 1448 2356 9,
1476 2322 1495 2349 2

89 2380 187 2423 Gryn.
223 2391 294 2412 esse
319 2381 452 2421 ingrata
479 2381 538 2421 (H.
567 2382 666 2412 omitti
690 2381 720 2411 in
746 2379 816 2411 cod.
845 2390 916 2411 esse
942 2381 974 2410 in
1000 2379 1127 2417 scrib1't;
1154 2378 1230 2409 mihi
1254 2389 1313 2408 non
1341 2376 1496 2417 notatur.)

86 2438 141 2477 10,
171 2442 183 2469 l
213 2439 238 2470 si
264 2439 297 2469 in
323 2438 453 2469 familia
479 2439 572 2469 nulla
623 2439 678 2477 11,
706 2443 723 2468 2
751 2438 894 2479 hypanis
944 2441 964 2468 4
989 2447 1090 2478 pyrro
1112 2438 1117 2476 Ι
1140 2436 1499 2475 carthagiensibusque

87 2501 119 2527 et
154 2497 398 2528 macedonibus
439 2496 479 2528 Si
504 2508 579 2528 vera
604 2503 649 2527 est
670 2496 839 2537 scriptura,
875 2501 947 2526 aute
979 2492 1174 2525 scribendum
1198 2504 1262 2524 esse
1298 2503 1360 2523 nec
1386 2493 1427 2522 de
1453 2492 1497 2523 H.

86 2563 150 2586 nec
175 2555 216 2585 de
242 2554 398 2596 Philippo
424 2561 453 2586 et
472 2561 547 2596 post
571 2565 631 2586 nee
650 2554 688 2585 P.
709 2554 885 2585 Cornelius
907 2562 968 2583 nee
987 2553 1027 2584 T.
1044 2551 1236 2590 Quinctius,
1257 2550 1388 2592 Kreyss.
1409 2548 1498 2580 vidit.

89 2611 143 2650 12,
169 2616 188 2643 3
216 2613 305 2643 cient
329 2622 474 2653 suasque
502 2612 574 2654 My.
602 2612 674 2643 Em.
707 2610 780 2642 620
802 2612 807 2651 Ι
829 2618 861 2642 ct
886 2611 964 2651 imp.
994 2610 1075 2650 (sic)
1127 2614 1143 2640 4
1172 2610 1357 2640 incendunt
1403 2608 1458 2646 13,
1482 2612 1501 2638 2

89 2671 155 2701 sint
180 2670 251 2712 My.
278 2670 351 2702 Em.
384 2670 450 2702 621

1528 1261 1567 1294 il

1531 1605 1575 1640 12
