1742 2902
473 118 575 150 Liber
599 118 709 149 XLII.
761 119 822 158 (A.
852 118 930 150 Chr.
962 119 1057 158 172.)
1367 122 1410 157 61

58 240 129 289 ipsi
164 239 289 287 potius
320 238 668 275 animadverterent
700 239 736 275 in
768 228 821 277 se.
899 241 1040 276 Tutam
1080 241 1299 277 servitutem
1330 254 1372 278 se
1403 243 1473 278 sub
1505 244 1526 279 9

59 309 221 346 dominis
254 309 437 344 Romanis
469 321 581 356 quam
616 309 828 345 libertatem
860 311 1073 358 expositam
1106 311 1152 346 ad
1176 311 1332 347 iniurias
1353 312 1472 348 Masi-

57 379 168 416 nissae
207 378 330 415 malle.
398 378 530 414 Perire
567 379 730 426 denique
773 380 890 415 semel
937 380 1029 427 ipsis
1078 381 1197 417 satius
1235 394 1318 417 esse
1356 394 1470 430 quam
1507 381 1553 416 10

57 449 126 486 sub
158 447 392 483 acerbissimi
423 448 610 484 carnificis
643 449 801 484 arbitrio
840 450 1012 497 spiritum
1046 450 1195 487 ducere.
1273 452 1352 488 Sub
1391 453 1472 489 haec

56 519 157 556 dicta
189 518 431 553 lacrimantes
456 519 753 566 procubuerunt,
784 519 971 567 stratique
1000 521 1118 565 humi,
1149 533 1225 557 non
1255 522 1326 558 sibi
1348 523 1469 570 magis

0 578 2 643 i
55 587 353 626 miseri‹·ordiam
387 600 500 634 quam
532 588 611 635 regi
643 590 665 610 *
696 590 717 610 *

0 706 1 716 ἵ
167 658 402 705 Interrogari
421 657 629 695 Gulussam
650 658 803 706 placuit,
835 658 924 706 quid
956 659 1004 694 ad
1027 671 1092 695 eas
1123 672 1181 695 res
1210 662 1469 709 responderet,
1528 654 1583 701 24

0 764 1 775 ¹
56 735 139 772 aut,
181 728 211 763 si
243 727 347 775 prius
381 727 530 771 mallet,
574 741 819 776 expromere,
864 741 979 777 super
1016 742 1092 777 qua
1122 743 1162 766 re
1193 731 1274 778 ipse
1304 732 1469 768 Romam

50 798 228 835 venisset.
289 796 459 834 Gulussa
498 810 621 844 neque
663 798 732 833 sibi
776 797 888 834 facile
919 812 1001 835 esse
1046 800 1160 843 dixit,
1206 800 1253 836 de
1283 801 1327 836 iis
1357 803 1471 838 rebus
1502 799 1524 834 2

54 880 190 917 agere,
234 868 280 903 de
311 867 448 914 quibus
479 867 571 903 nihil
602 868 771 903 mandati
806 880 828 902 a
859 876 968 915 patre
998 870 1168 913 haberet,
1213 883 1337 917 neque
1371 872 1471 919 patri

52 937 164 976 facile
194 937 311 973 fuisse
351 937 554 981 mandare,
599 950 682 973 cum
717 936 1053 985 Carthaginienses
1085 951 1175 981 nec,
1220 940 1267 975 de
1311 953 1387 987 qua
1429 954 1472 977 re

53 1008 172 1045 acturi
205 1014 342 1050 essent,
374 1020 441 1043 nec
471 1007 640 1051 omnino,
672 1007 792 1043 ituros
823 1020 864 1044 se
895 1009 1071 1054 Romam,
1101 1009 1364 1047 indicaverint.
1424 1011 1469 1046 In
1501 1008 1522 1044 3

52 1078 132 1115 aede
163 1076 365 1124 AEsculapi
396 1077 670 1113 clandestinum
712 1089 778 1113 eos
815 1090 884 1125 per
913 1078 1059 1126 aliquot
1098 1086 1229 1114 noctes
1270 1080 1469 1116 consilium

48 1148 262 1197 principum
295 1147 494 1189 habuisse,
537 1147 635 1183 unde
666 1149 688 1169 *
719 1149 740 1169 *
787 1156 972 1196 praeterea
1014 1148 1163 1196 legatos
1195 1149 1352 1185 occultis
1383 1163 1467 1186 cum

51 1218 242 1255 mandatis
271 1219 433 1253 Romam
466 1217 575 1255 mitti.
625 1217 723 1254 Eam
757 1230 912 1253 causam
945 1217 1062 1254 fuisse
1093 1219 1192 1267 patri
1225 1220 1396 1255 mittendi
1427 1232 1467 1257 se
1501 1217 1523 1252 4

49 1288 240 1332 Romam,
277 1287 340 1334 qui
373 1287 644 1335 deprecaretur
675 1295 872 1332 senatum,
902 1300 949 1324 ne
980 1289 1070 1335 quid
1102 1290 1366 1325 communibus
1397 1290 1470 1326 ini-

43 1358 157 1394 >micis
187 1357 476 1393 criminantibus
507 1369 548 1393 se
578 1357 773 1399 crederent,
806 1371 916 1405 quem
951 1359 998 1393 ob
1018 1359 1159 1394 nullam
1179 1359 1292 1395 aliam
1311 1372 1467 1397 causam

1 1412 6 1416 ι
44 1427 118 1464 nisi
149 1436 306 1476 propter
336 1435 572 1463 constantem
604 1428 715 1463 fidem
762 1440 854 1476 erga
892 1428 1074 1476 populum
1108 1430 1324 1466 Romanum
1364 1431 1466 1466 odis-

47 1505 141 1534 sent.
218 1497 291 1533 His
323 1497 513 1545 utrimque
544 1498 682 1533 auditis
713 1507 886 1542 senatus,
939 1498 986 1534 de
1024 1499 1227 1546 postulatis
1258 1498 1465 1548 Carthagi·
1499 1498 1520 1531 5

45 1568 231 1604 niensium
263 1567 478 1611 consultus,
523 1568 747 1615 responderi
787 1567 842 1604 ita
880 1568 1007 1604 iussit:
1053 1567 1267 1605 Gulussam
1312 1570 1465 1618 placere
1498 1567 1519 1601 6

47 1638 238 1686 extemplo
269 1637 307 1673 in
340 1637 564 1673 Numidiam
603 1638 792 1685 proficisci
824 1645 861 1674 et
890 1638 1066 1674 nuntiare
1096 1640 1217 1687 patri,
1257 1646 1299 1675 ut
1329 1640 1375 1675 de
1405 1641 1463 1686 iis,

46 1708 92 1745 de
130 1708 267 1756 quibus
305 1706 643 1755 Carthaginienses
674 1716 902 1755 querantur,
946 1708 1094 1756 legatos
1140 1721 1253 1756 quam
1298 1710 1461 1758 primum

47 1778 95 1814 ad
126 1786 298 1814 senatum
331 1777 456 1813 mittat
492 1777 763 1825 denuntietque
793 1777 1196 1826 Carthaginiensibus,
1234 1787 1274 1815 ut
1305 1780 1354 1815 ad
1386 1780 1460 1816 dis-

46 1848 273 1897 ceptandum
320 1847 489 1883 veniant.
574 1847 616 1885 Si
662 1848 806 1896 aliquid
847 1856 1002 1897 possent
1043 1849 1259 1885 Masinissae
1302 1850 1459 1886 honoris
1494 1847 1514 1881 7

45 1962 77 2002 9,
108 1967 119 1994 l
150 1969 256 1993 tutam
281 1963 489 1994 iuuentutem
517 1946 550 1992 et
575 1963 637 1993 sub
687 1962 741 1999 10,
772 1966 784 1993 1
814 1963 922 2003 perire
948 1972 1056 2002 neque
1092 1962 1211 1994 Vahlen
1230 1963 1350 2006 (Gryn.
1379 1964 1462 1996 Per-

45 2019 91 2051 ire
124 2023 286 2061 namque)
317 2022 322 2059 Ι
352 2021 420 2061 ipse
455 2020 560 2051 satius
587 2020 658 2060 ipse
686 2030 757 2051 esse
809 2024 826 2050 2
855 2021 1074 2051 acerbissimo
1123 2025 1142 2052 3
1169 2022 1378 2053 lacrimantis
1440 2026 1461 2053 4

45 2077 376 2118 misericordiamque
413 2078 477 2108 reis
503 2078 702 2117 interrogari
739 2076 925 2113 (Excidisse
947 2079 1023 2119 sere
1053 2078 1210 2109 invidiam
1247 2079 1462 2111 concitarunt

45 2133 211 2166 adnotavit
226 2134 355 2177 Siyon.)
405 2135 537 2171 XXIV,
565 2135 596 2170 1,
627 2139 639 2166 l
671 2136 710 2165 ad
739 2146 795 2166 eas
822 2136 1038 2175 responderet
1072 2135 1191 2167 Vahlen
1211 2135 1328 2178 (Gryn.
1346 2137 1388 2167 ad
1405 2136 1459 2178 ea)

38 2195 65 2223 ,2
79 2200 289 2234 expromeret
299 2192 370 2234 My.
387 2193 459 2224 Em.
474 2191 552 2224 519.
569 2193 572 2231 Ι
588 2202 621 2223 re
646 2202 713 2233 prae
729 2203 856 2223 romam
874 2192 945 2234 My.
973 2191 1058 2230 ibd.;
1082 2192 1180 2234 (ἰν-φ).
1198 2203 1230 2224 re
1245 2194 1388 2225 Romam
1425 2194 1458 2233 2,

48 2251 62 2280 1
78 2251 146 2282 deis
161 2251 259 2281 rebus
285 2254 304 2281 3
321 2251 585 2290 cartaginienses
610 2251 747 2281 4iturus
775 2250 807 2285 3,
825 2254 836 2280 l
856 2251 967 2280 necin
982 2251 1053 2280 aede
1081 2255 1098 2281 2
1112 2250 1458 2291 clamdestinumlali-

45 2318 134 2358 quod
184 2322 203 2350 3
230 2304 431 2360 principium
455 2321 460 2357 Ι
482 2320 570 2350 unde
596 2327 757 2360 praeterea
783 2318 951 2350 Lacunam
979 2319 1099 2350 notavit
1126 2318 1237 2352 Cleric.
1274 2320 1353 2352 Fuit
1365 2322 1458 2363 fere:

43 2376 130 2405 unde
143 2376 225 2406 nihil
241 2386 426 2412 emanasse,
453 2384 675 2418 praeterquam
714 2376 746 2410 4.
763 2381 781 2407 2
802 2377 1121 2418 quiidepraecaretur
1136 2376 1140 2419 Ι
1155 2379 1326 2410 inimicitis
1345 2379 1458 2410 crimi-

36 2429 227 2475 nantuibus
261 2455 532 2486 seromumquem
592 2450 612 2476 4
645 2452 845 2477 constanten
878 2447 883 2484 Ι
912 2451 1007 2497 terga
1031 2434 1105 2487 fimf
1133 2434 1316 2487 olodissent
1371 2446 1459 2478 Inter

45 2512 195 2544 odissent
220 2519 250 2544 et
278 2514 330 2545 his
362 2521 444 2556 spat.
472 2526 542 2546 vac.
571 2514 594 2546 9
619 2514 790 2546 litterarum
815 2526 881 2546 stne
906 2514 973 2546 ulla
1000 2526 1128 2548 rasura.
1179 2516 1212 2552 5,
1243 2520 1255 2547 l
1285 2514 1455 2557 utrumq.l

44 2571 340 2609 cartaginiensium
366 2573 530 2603 consultis
582 2576 600 2602 2
629 2574 831 2613 respondere
856 2572 992 2604 Douiat.
1021 2571 1109 2614 (Qsr.
1136 2585 1162 2605 c.
1189 2572 1250 2611 20,
1277 2573 1317 2613 2)
1379 2574 1411 2612 6,
1435 2577 1455 2605 3

44 2629 306 2668 cartaginienses
357 2629 389 2669 7,
420 2634 433 2661 l
462 2636 514 2667 (se
539 2628 593 2671 H)
616 2631 620 2670 Ι
643 2630 790 2670 aliquem
814 2630 818 2670 Ι
840 2631 981 2662 masisse
1007 2631 1161 2662 hosnoris
1187 2641 1288 2663 causa
