1742 2902
481 169 584 200 Liber
608 168 699 200 XLI.
751 169 810 209 (A.
840 167 918 200 Cltr.
947 167 1043 209 178.)
1398 172 1418 204 5

179 292 295 328 Forte
338 293 392 328 ita
441 293 584 337 evenit,
630 298 670 328 ut
709 290 779 328 Cn.
826 298 861 327 et
893 292 936 328 L.
974 290 1132 328 Gavillii
1166 289 1319 327 Novelli
1351 290 1477 337 Aqui-

65 361 235 404 leienses,
267 373 350 398 cum
379 370 593 398 commeatu
617 361 824 399 venientes.
855 361 977 408 ignari
1004 373 1124 408 prope
1148 360 1184 395 in
1210 367 1324 407 capta
1348 366 1476 394 castra

67 431 115 467 ab
146 430 287 466 Histris
320 431 541 468 inviderent.
588 432 619 467 li
644 443 727 466 cum
756 429 990 477 Aquileiam,
1021 430 1160 465 relictis
1184 429 1477 477 impedimenti&

65 498 305 547 refugissent,
338 501 466 536 omnia
497 507 641 537 terrore
666 513 711 536 ac
738 500 899 536 tumultu
926 512 1001 535 non
1033 498 1222 546 Aquileiae
1254 499 1381 534 modo.
1411 498 1477 534 sed

64 569 198 606 Romae
228 582 379 618 quoque
407 577 493 618 post
525 582 669 618 paucos
701 570 781 606 dies
817 569 1088 617 impleverunt.
1140 580 1215 614 quo
1256 580 1330 603 non
1362 575 1477 616 capta

64 644 210 675 tantum
243 647 368 676 castra
391 641 439 676 ab
466 641 638 676 hostibus
671 652 740 676 nec
770 640 874 687 fuga.
905 651 988 686 quae
1018 650 1111 674 vera
1133 644 1252 681 erant,
1283 638 1361 673 sed.
1390 650 1476 685 per-

64 708 162 745 ditas
192 721 253 745 res
283 709 524 757 deletumque
555 710 761 746 exercitum
794 721 967 752 omnem,
998 708 1166 744 adlatum
1201 715 1268 745 est.
1326 708 1478 755 Itaque,

65 779 166 826 quod
197 778 234 814 in
265 780 427 815 tumultu
449 780 528 815 fieri
555 780 673 823 solet,
703 779 862 814 dilectus
887 787 997 814 extra
1026 777 1196 812 ordinem
1226 789 1302 812 non
1324 777 1359 812 in
1383 777 1478 813 urbe

63 853 231 893 tantum,
271 849 338 884 sed
373 855 455 885 tota
489 849 602 885 Italia
631 849 774 884 indic-ti.
833 849 930 884 Duae
962 847 1131 894 legiones
1163 846 1300 882 civium
1335 848 1478 882 Roma-

62 928 199 953 norum
255 919 479 967 conscriptae
528 925 564 954 et
607 919 646 954 X
688 918 804 954 millia
847 918 1016 966 peditum
1068 929 1154 952 cum
1203 916 1393 963 equitibus
1438 917 1475 952 D

63 987 176 1023 sociis
225 988 388 1023 nominis
432 988 558 1023 Latini
596 988 798 1035 imperata.
877 988 930 1023 M.
969 987 1100 1023 Iunius
1141 985 1274 1022 consul
1316 985 1478 1021 transire

62 1056 100 1093 in
131 1057 300 1094 Galliam
334 1064 370 1093 et
409 1058 457 1093 ab
488 1058 705 1093 civitatibus
736 1057 942 1105 provinciae
973 1057 1071 1099 eius‚
1101 1063 1284 1104 quantum
1317 1067 1477 1103 quaeque

62 1134 204 1175 posset,
233 1127 392 1163 militum
423 1128 576 1175 exigere
605 1128 743 1163 iussus.
802 1126 923 1163 Simul
954 1127 1167 1170 decretum,
1198 1133 1238 1161 ut
1268 1125 1329 1161 Ti.
1362 1124 1476 1161 Clau-

63 1196 147 1232 dius
177 1205 318 1245 praetor
348 1197 528 1233 militibus
558 1197 718 1245 legionis
744 1204 890 1245 quartae
921 1203 956 1232 et
987 1196 1130 1232 socium
1159 1195 1287 1232 Latini
1314 1194 1478 1230 nominis

62 1267 99 1304 V
118 1267 281 1310 milibus,
303 1267 493 1315 equitibus
511 1266 624 1309 CCL,
647 1268 759 1304 Pisas
783 1274 823 1302 ut
844 1266 1101 1309 convenirent,
1119 1266 1294 1309 ediceret,
1316 1277 1480 1312 eamque

61 1336 320 1385 provinciam,
340 1338 448 1373 *dum
481 1338 613 1374 consul
650 1337 737 1373 inde
777 1338 947 1379 abesset,
975 1343 1180 1379 tutaretur;
1226 1336 1279 1371 M.
1311 1335 1478 1371 Titinius

61 1415 203 1455 praetor
230 1406 420 1455 legionem
451 1408 635 1455 primam,
672 1419 802 1454 parem
846 1419 1043 1442 numerum
1086 1405 1275 1441 sociorum
1308 1405 1476 1452 peditum

63 1477 309 1524 equitumque
333 1477 549 1513 Ariminum
578 1476 783 1511 convenire
807 1476 966 1511 iuberet.
1009 1475 1116 1512 Nero
1143 1474 1347 1523 paludatus
1365 1474 1478 1510 Pisas

61 1545 100 1582 in
130 1546 365 1594 provinciam
394 1553 448 1582 est
473 1545 688 1593 profectus;
719 1544 898 1587 Titinius,
923 1544 967 1583 C.
985 1544 1121 1581 Cassio
1143 1544 1296 1579 tribuno
1319 1544 1478 1580 militum

63 1616 295 1652 Ariminum.
321 1616 385 1662 qui
413 1623 591 1663 praeesset
621 1615 775 1663 legioni,
809 1614 938 1658 misso,
969 1614 1147 1650 dilectum
1173 1614 1307 1650 Romae
1331 1615 1478 1653 habuit.

63 1685 117 1722 M.
149 1686 280 1722 Iunius
311 1684 462 1727 consul,
493 1698 540 1721 ex
572 1685 778 1732 Liguribus
808 1684 845 1720 in
878 1684 1116 1732 provinciam
1150 1683 1320 1720 Galliam
1354 1692 1478 1721 trans-

63 1766 236 1804 gressus,
286 1755 439 1791 auxiliis
492 1755 666 1803 protinus
714 1767 782 1802 per
821 1754 998 1790 civitates
1041 1753 1180 1790 Galliae
1221 1754 1480 1802 militibusque

64 1825 222 1862 coloniis
270 1825 486 1873 imperatis,
536 1825 758 1872 Aquileiam
802 1824 987 1872 pervenit.
1064 1823 1125 1859 Ibi
1166 1824 1305 1859 certior
1342 1823 1480 1870 factus,

64 1896 271 1932 exercitum
299 1896 527 1931 ineolumem
550 1907 644 1938 esse,
674 1894 824 1942 scriptis
854 1894 989 1929 litteris
1011 1894 1190 1938 Romanu
1221 1906 1267 1928 ne
1297 1893 1480 1929 tumultu-

65 1974 239 2010 arentur,
282 1965 384 2013 ipse,
424 1964 592 2000 remissis
623 1965 797 2008 auxiliis,
835 1975 919 2011 quae
951 1962 1076 1999 Gallis
1105 1963 1386 2010 imperaverat,
1431 1963 1480 1999 ad

65 2035 250 2084 collegam
286 2042 342 2071 est
381 2033 588 2081 profectus.
651 2035 786 2070 Romae
826 2045 968 2080 magna
1006 2045 1053 2068 ex
1090 2033 1320 2080 necopinato
1350 2032 1482 2070 laetitia

64 2102 156 2148 fuit;
194 2104 353 2140 dilectus
379 2104 542 2140 omissus
566 2110 634 2147 est,
659 2102 911 2146 exauctoratia
939 2102 1003 2149 qui
1025 2109 1266 2138 sacramento
1293 2103 1481 2149 dixerant,

66 2178 103 2209 et.
132 2174 333 2217 exereitus,
364 2174 427 2222 qui
453 2174 617 2211 Arimini
648 2172 863 2221 pestilentia
893 2170 1052 2207 affectus
1083 2178 1185 2215 erat,
1225 2171 1380 2207 domum
1424 2173 1481 2208 di-

66 2243 216 2282 missus.
260 2243 395 2288 Histri,
426 2243 575 2291 magnis
601 2243 720 2291 copiis
746 2255 829 2278 cum
861 2251 989 2278 castra
1019 2241 1122 2277 haud
1151 2241 1284 2289 procul
1314 2242 1481 2279 consulis

68 2313 201 2349 eastris
239 2313 446 2352 haberent,
491 2320 695 2360 postquam
743 2312 902 2348 alterurn
947 2310 1139 2346 consulem
1186 2323 1270 2347 cum
1311 2312 1481 2349 exercitu

67 2393 168 2417 novo
192 2381 392 2419 advenisse
416 2383 628 2426 audierunt,
652 2382 795 2430 passim
820 2382 858 2417 in
881 2381 1054 2417 civitates
1079 2380 1217 2429 dilapsi
1233 2387 1332 2419 sunt.
1378 2381 1481 2418 Con-

69 2450 168 2488 sules
197 2451 417 2499 Aquileiam
445 2452 481 2488 in
512 2453 672 2488 hiberna
701 2452 871 2499 legiones
900 2451 1145 2487 reduxerunt.

69 2618 112 2658 V,
138 2620 171 2658 1,
201 2625 214 2652 1
243 2620 394 2659 Gavillii,
420 2621 547 2652 novelli
575 2620 722 2654 Niebuhr
748 2620 831 2652 Hist.
852 2620 946 2652 Rom.
967 2619 1012 2652 II
1023 2632 1052 2651 n.
1079 2619 1161 2652 595.
1199 2619 1232 2657 3,
1253 2624 1271 2651 2
1288 2625 1360 2651 erat
1379 2620 1479 2653 Gron.

71 2675 102 2714 6,
131 2680 145 2708 1
176 2678 214 2710 Τ.
242 2677 354 2720 Sigon.
404 2683 424 2710 3
451 2680 603 2719 equitum
634 2678 732 2710 Gron.
782 2677 815 2716 9,
843 2681 862 2708 3
890 2679 1018 2710 colonis
1043 2677 1180 2709 Douiat.

1516 1827 1562 1862 10

1516 2032 1559 2067 11

1517 2235 1563 2272 12
