1796 2929
497 137 598 168 Liber
622 136 748 167 XLIV.
801 137 862 175 (A.
891 135 967 167 chr.
1001 135 1094 176 169.)
1371 135 1444 171 165

93 264 180 294 ante
215 259 333 294 verba
364 260 412 295 ad
443 266 586 297 certum
619 259 830 308 redegisse;
861 265 896 294 et
919 259 1143 306 plerumque
1173 256 1295 304 ipsam
1326 266 1367 290 se
1396 254 1500 290 frau-

93 327 191 370 dem,
225 328 373 364 etiamsi
403 329 510 365 initio
543 330 691 366 cautior
719 329 845 373 fuerit,
875 328 1064 375 detegere.
1133 324 1306 362 Rhodios
1336 336 1434 360 nunc
1463 324 1500 359 in

92 397 186 433 orbe
226 404 413 432 terrarum
464 398 622 434 arbitria
661 397 749 433 belli
788 396 971 444 pacisque
1016 408 1142 444 agere.
1218 395 1363 431 Eorum
1408 400 1500 429 nutu

92 478 201 501 arma
230 473 450 514 sumpturos
481 467 751 514 positurosque
784 467 982 502 Romanos
1013 478 1108 502 esse.
1188 465 1270 500 Iam
1302 476 1378 499 non
1409 463 1501 498 deos

91 533 275 571 foederum
309 541 444 580 testes,
489 536 555 572 sed
587 535 760 573 Rhodios
791 535 1002 572 habituros.
1068 535 1178 571 Itane
1213 532 1392 569 tandem?
1449 532 1502 568 Ni

91 611 274 652 pareatur
304 604 350 640 iis
385 606 651 654 exercitusque
691 605 738 641 de
770 605 999 641 Macedonia
1039 605 1308 653 deportentur,
1351 603 1500 638 visuros

91 684 185 717 esse,
217 674 307 721 quid
337 675 408 711 sibi
440 675 654 712 faciendum
688 675 746 711 sit.
808 674 909 720 Quid
943 675 1082 711 Rhodii
1113 673 1230 710 visuri
1262 673 1358 716 sint,
1395 672 1500 719 ipsos

90 743 205 786 sch-23
236 744 419 792 populum
451 752 551 781 cei-te
583 746 821 787 Romanum,
852 745 1001 781 devicto
1032 745 1189 786 Perseo,
1229 742 1330 790 quod
1362 753 1499 789 prope-

90 812 188 849 diem
220 820 373 861 sperent-
417 813 519 857 fore,
561 815 751 850 visurum.
805 822 846 850 ut
884 827 952 863 pro
985 814 1128 850 meritis
1166 812 1349 858 cuiusque
1385 810 1423 845 in
1454 821 1499 845 eo

91 882 189 919 bello
221 870 386 918 civitatis
415 883 578 930 gratiam
609 883 763 931 dignam
796 883 950 920 referat.
1017 884 1157 918 Munus
1195 889 1322 917 tamen
1363 878 1499 925 legatis

89 952 126 988 in
156 951 326 1000 singulos
357 952 484 988 binum
518 953 661 989 milium
704 954 788 989 aeris
827 954 983 989 missum
1016 958 1095 994 est,
1135 950 1237 998 quod
1271 949 1298 985 ii
1329 960 1405 984 non
1437 959 1499 983 ac-

87 1027 280 1070 ceperunt.

200 1091 356 1127 Litterae
385 1091 520 1126 deinde
559 1091 727 1127 recitatae
757 1091 804 1138 Q.
837 1090 962 1127 Marci
1006 1088 1172 1126 consulis
1203 1095 1315 1133 sunt,
1367 1099 1498 1135 quem·

88 1161 315 1205 admodum,
355 1161 454 1197 saltu
485 1168 688 1209 superato,
727 1161 765 1197 in
804 1161 1074 1197 Macedoniam
1114 1159 1330 1202 transissem
1381 1158 1432 1194 ibi
1463 1163 1500 1193 et

86 1243 135 1267 ex
166 1231 249 1267 aliis
280 1231 374 1268 locis
409 1238 644 1268 commeatus
675 1238 900 1280 prospectos
929 1231 967 1266 in
997 1230 1158 1266 hiemem
1191 1229 1352 1272 habere,
1383 1235 1419 1264 et
1450 1228 1498 1263 ab

85 1301 255 1349 Epirotis
285 1301 369 1337 XX
409 1300 513 1337 milia
554 1302 722 1338 modium
763 1301 898 1345 tritici,
947 1300 987 1336 X
1017 1299 1151 1336 hordei
1182 1298 1409 1346 sumpsisse,
1459 1302 1500 1332 ut

85 1383 155 1418 pro
197 1383 243 1406 eo
286 1369 478 1406 frumento
525 1370 687 1418 pecunia
730 1371 865 1406 Romae
912 1369 1049 1417 legatis
1101 1381 1232 1404 eorum
1286 1375 1497 1406 curaretur.

88 1439 329 1475 Vestimenta
360 1439 541 1475 militibus
572 1441 620 1476 ab
652 1441 777 1477 Roma
806 1439 991 1475 mittenda
1021 1449 1124 1482 esse3
1155 1439 1262 1485 equis
1284 1437 1349 1475 CC
1379 1436 1497 1473 ferme

87 1521 185 1557 opus
216 1520 318 1552 esse,
358 1509 525 1545 maxime
560 1509 759 1553 Numidis,
803 1521 872 1545 nec
903 1509 975 1545 sibi
1005 1509 1044 1545 in
1073 1509 1131 1544 his
1161 1507 1255 1543 locis
1286 1507 1401 1543 ullam
1434 1519 1497 1543 co-

87 1578 190 1626 piam
221 1589 315 1614 esse.
377 1578 542 1615 Senatus
572 1578 808 1623 consultum,
855 1585 896 1614 ut
926 1590 971 1613 ea
1002 1577 1132 1613 omnia
1162 1590 1210 1613 ex
1240 1577 1374 1612 litteris
1405 1588 1495 1613 con-

86 1647 178 1683 sulis
207 1648 362 1692 fierent,
401 1647 543 1684 factum
586 1654 652 1686 est.
739 1646 782 1685 O.
813 1647 1005 1696 Sulpicius
1035 1654 1176 1695 praetor
1205 1659 1274 1683 sex
1304 1646 1408 1682 milia
1439 1652 1496 1681 to-

85 1728 235 1765 garum,
265 1717 393 1754 XXX
426 1717 654 1763 tunicarum,
685 1729 804 1765 equos
836 1716 902 1754 CC
931 1717 1125 1766 portanda
1155 1717 1192 1752 in
1226 1716 1494 1752 Macedoniam

85 1787 368 1835 praebendaque
398 1786 585 1823 arbitratu
616 1787 781 1824 consulis
811 1787 973 1831 locavit,
1011 1792 1048 1822 et
1076 1786 1214 1834 legatis
1248 1786 1495 1834 Epirotarum

86 1855 286 1902 pecuniam
318 1867 388 1903 pro
419 1855 609 1892 frumento
641 1857 767 1902 solvit,
797 1864 834 1893 et
869 1856 1117 1901 Onesimum,
1150 1855 1337 1904 Pythonis
1366 1855 1496 1899 filium,

86 1924 252 1960 nobilem
283 1925 550 1969 Macedonem,
581 1926 619 1961 in
650 1933 825 1963 senatum
855 1926 1079 1962 introduxit.
1137 1925 1177 1961 Is
1208 1924 1314 1973 pacis
1348 1937 1498 1973 semper

87 2000 222 2030 auctor
252 1995 333 2043 regi
363 1994 507 2039 suerat,
556 2002 859 2043 monueratque,
908 1996 1005 2032 sicut-
1044 2001 1154 2043 pater
1184 1995 1264 2031 eius
1297 1995 1497 2043 Philippus

87 2116 105 2142 2
133 2112 295 2152 redigisse
335 2116 354 2144 3
380 2113 494 2144 initior
520 2113 649 2144 cautior
702 2112 732 2149 5,
753 2116 765 2143 l
789 2113 926 2144 rhodios
952 2113 1072 2144 nuntio
1098 2114 1133 2143 in
1155 2113 1237 2144 orbe
1252 2112 1355 2144 Periz.
1376 2112 1495 2152 (Koch.

88 2178 175 2200 nunc
201 2174 273 2200 toto
299 2169 351 2209 in)
401 2173 420 2200 2
447 2179 547 2209 agere
574 2171 712 2201 deorum
739 2177 822 2201 nutu
849 2170 993 2201 Perizon.
1057 2174 1078 2201 4
1105 2171 1197 2201 testis
1219 2171 1224 2209 1
1246 2170 1358 2201 rodios
1419 2169 1450 2207 6,
1482 2174 1493 2201 1

85 2227 222 2257 tandem
256 2227 284 2257 is
314 2234 472 2267 pareatur
506 2227 534 2258 is
566 2228 802 2268 exercitusque
833 2226 922 2259 Crev.
965 2229 1081 2270 (Gryn.
1109 2229 1243 2259 tandem
1278 2229 1317 2259 iis
1342 2234 1498 2269 pareatur

85 2283 334 2323 exercitusque)
397 2283 435 2322 7,
480 2288 491 2315 l
531 2285 621 2324 quod
648 2286 722 2316 rodi
769 2285 802 2323 8,
845 2289 856 2316 l
898 2285 1046 2326 longatis
1106 2290 1124 2316 2
1163 2285 1304 2316 millium
1350 2286 1355 2325 l
1400 2294 1497 2316 acce·

86 2358 209 2392 pei-unt
233 2340 274 2384 de
345 2352 444 2390 XVI,
481 2353 512 2391 1,
544 2357 557 2384 1
586 2354 708 2385 deinde
734 2343 852 2385 citate's
879 2363 942 2395 que
967 2355 1073 2385 marci
1095 2341 1225 2386 consuli
1290 2358 1308 2386 2
1336 2355 1497 2386 transisse

86 2408 118 2446 2,
146 2412 164 2440 2
191 2415 400 2441 commeatus
426 2420 528 2451 remp.
555 2417 753 2452 prospectos
770 2410 902 2453 Kreyss.
919 2410 1046 2452 (St'yon.
1076 2422 1096 2443 a
1119 2419 1258 2454 praetore
1283 2411 1495 2453 prospectos)

88 2469 107 2496 3
135 2474 206 2497 ’xx·
231 2468 383 2498 modium
447 2467 479 2505 3,
511 2471 524 2498 l
553 2469 596 2499 ab
623 2478 753 2500 romam
775 2468 780 2509 Ι
803 2478 873 2500 esse
899 2475 933 2499 et
959 2470 1032 2509 quis
1105 2473 1124 2500 2
1160 2470 1288 2501 numidi
1321 2479 1382 2501 nee
1409 2471 1436 2501 si
1461 2470 1496 2500 in

86 2523 139 2554 his
173 2523 207 2558 4,
237 2527 249 2554 l
279 2531 326 2557 sc.
354 2530 387 2556 et
411 2535 451 2556 ea
488 2529 506 2555 2
535 2526 566 2556 ui
587 2531 738 2557 tocarum
776 2530 795 2557 3
823 2536 926 2567 equos
955 2527 1195 2567 etde-portanda
1222 2527 1404 2559 Forclzh.et
1422 2526 1494 2568 My.

84 2579 157 2612 Em.
184 2580 258 2612 569
284 2581 357 2621 (ubi
376 2593 480 2624 prave
505 2581 568 2614 DC
593 2583 742 2624 scriptum
767 2589 820 2614 est.
886 2584 982 2625 Gryn.
1009 2590 1042 2615 et
1067 2594 1171 2625 equos
1197 2584 1343 2626 deport.)
1395 2588 1412 2615 5
1439 2593 1495 2625 pe-

87 2638 284 2679 cuniamque
307 2640 311 2678 1
333 2639 420 2670 solui
443 2641 447 2680 Ι
470 2646 590 2680 pytons

1533 325 1554 359 φη

1531 1160 1552 1196 2

1561 1086 1609 1130 16
