<?xml version="1.0" encoding="UTF-8"?>
<!DOCTYPE html PUBLIC "-//W3C//DTD XHTML 1.0 Transitional//EN"
    "http://www.w3.org/TR/xhtml1/DTD/xhtml1-transitional.dtd">
<html xmlns="http://www.w3.org/1999/xhtml" xml:lang="en" lang="en">
 <head>
  <title>
</title>
<meta http-equiv="Content-Type" content="text/html;charset=utf-8" />
  <meta name='ocr-system' content='tesseract 3.04.00' />
  <meta name='ocr-capabilities' content='ocr_page ocr_carea ocr_par ocr_line ocrx_word'/>
</head>
<body>
  <div class='ocr_page' id='page_1' title='image "./p1historiarumrom04livyuoft_0217.png"; bbox 0 0 1796 2929; ppageno 0'>
   <div class='ocr_carea' id='block_1_1' title="bbox 470 119 1426 161">
    <p class='ocr_par' dir='ltr' id='par_1_1' title="bbox 470 119 1426 161">
     <span class='ocr_line' id='line_1_1' title="bbox 470 119 1426 161; baseline 0.008 -12"><span class='ocrx_word' id='word_1_1' title='bbox 470 119 572 150; x_wconf 64' lang='lat' dir='ltr'>Libe-1·</span> <span class='ocrx_word' id='word_1_2' title='bbox 598 120 724 150; x_wconf 73' lang='lat' dir='ltr'>xmv.</span> <span class='ocrx_word' id='word_1_3' title='bbox 789 121 848 159; x_wconf 85' lang='lat' dir='ltr'>(A.</span> <span class='ocrx_word' id='word_1_4' title='bbox 878 119 956 152; x_wconf 82' lang='lat' dir='ltr'>Chr.</span> <span class='ocrx_word' id='word_1_5' title='bbox 989 120 1082 161; x_wconf 82' lang='lat'>168.)</span> <span class='ocrx_word' id='word_1_6' title='bbox 1354 120 1426 158; x_wconf 90' lang='lat'>183</span> 
     </span>
    </p>
   </div>
   <div class='ocr_carea' id='block_1_2' title="bbox 62 240 1483 2031">
    <p class='ocr_par' dir='ltr' id='par_1_2' title="bbox 68 240 1483 769">
     <span class='ocr_line' id='line_1_2' title="bbox 70 240 1483 289; baseline 0 -13"><span class='ocrx_word' id='word_1_7' title='bbox 70 240 148 276; x_wconf 90' lang='lat' dir='ltr'>vivi</span> <span class='ocrx_word' id='word_1_8' title='bbox 186 240 306 289; x_wconf 86' lang='lat' dir='ltr'>capti;</span> <span class='ocrx_word' id='word_1_9' title='bbox 352 240 439 288; x_wconf 86' lang='lat' dir='ltr'>equi</span> <span class='ocrx_word' id='word_1_10' title='bbox 469 252 559 289; x_wconf 87' lang='lat' dir='ltr'>pars</span> <span class='ocrx_word' id='word_1_11' title='bbox 590 241 627 276; x_wconf 89' lang='lat' dir='ltr'>in</span> <span class='ocrx_word' id='word_1_12' title='bbox 659 241 765 285; x_wconf 88' lang='lat' dir='ltr'>mari,</span> <span class='ocrx_word' id='word_1_13' title='bbox 788 241 919 277; x_wconf 84' lang='lat' dir='ltr'>fractis</span> <span class='ocrx_word' id='word_1_14' title='bbox 942 242 1117 286; x_wconf 84' lang='lat' dir='ltr'>navibus,</span> <span class='ocrx_word' id='word_1_15' title='bbox 1149 241 1353 289; x_wconf 81' lang='lat' dir='ltr'>absumpti,</span> <span class='ocrx_word' id='word_1_16' title='bbox 1382 241 1483 289; x_wconf 82' lang='lat' dir='ltr'>parti</span> 
     </span>
     <span class='ocr_line' id='line_1_3' title="bbox 71 310 1482 358; baseline 0 -11"><span class='ocrx_word' id='word_1_17' title='bbox 71 323 210 347; x_wconf 84' lang='lat' dir='ltr'>nervos</span> <span class='ocrx_word' id='word_1_18' title='bbox 251 310 491 346; x_wconf 85' lang='lat' dir='ltr'>succiderunt</span> <span class='ocrx_word' id='word_1_19' title='bbox 531 310 567 346; x_wconf 87' lang='lat' dir='ltr'>in</span> <span class='ocrx_word' id='word_1_20' title='bbox 610 310 720 346; x_wconf 84' lang='lat' dir='ltr'>litore</span> <span class='ocrx_word' id='word_1_21' title='bbox 750 311 995 348; x_wconf 85' lang='lat' dir='ltr'>Macedones.</span> <span class='ocrx_word' id='word_1_22' title='bbox 1069 311 1151 347; x_wconf 84' lang='lat' dir='ltr'>XX</span> <span class='ocrx_word' id='word_1_23' title='bbox 1185 310 1333 347; x_wconf 77' lang='lat' dir='ltr'>eximiae</span> <span class='ocrx_word' id='word_1_24' title='bbox 1363 323 1482 358; x_wconf 87' lang='lat' dir='ltr'>equos</span> 
     </span>
     <span class='ocr_line' id='line_1_4' title="bbox 71 379 1482 428; baseline 0 -12"><span class='ocrx_word' id='word_1_25' title='bbox 71 380 204 417; x_wconf 85' lang='lat' dir='ltr'>formae</span> <span class='ocrx_word' id='word_1_26' title='bbox 247 392 330 416; x_wconf 90' lang='lat' dir='ltr'>cum</span> <span class='ocrx_word' id='word_1_27' title='bbox 373 379 534 427; x_wconf 85' lang='lat' dir='ltr'>captivis</span> <span class='ocrx_word' id='word_1_28' title='bbox 579 379 730 415; x_wconf 85' lang='lat' dir='ltr'>eosdem</span> <span class='ocrx_word' id='word_1_29' title='bbox 764 380 803 416; x_wconf 82' lang='lat' dir='ltr'>X</span> <span class='ocrx_word' id='word_1_30' title='bbox 842 380 1009 425; x_wconf 82' lang='lat' dir='ltr'>lembos,</span> <span class='ocrx_word' id='word_1_31' title='bbox 1055 393 1151 428; x_wconf 87' lang='lat' dir='ltr'>quos</span> <span class='ocrx_word' id='word_1_32' title='bbox 1190 388 1277 417; x_wconf 87' lang='lat' dir='ltr'>ante</span> <span class='ocrx_word' id='word_1_33' title='bbox 1316 380 1482 424; x_wconf 77' lang='lat' dir='ltr'><strong>miserat,</strong></span> 
     </span>
     <span class='ocr_line' id='line_1_5' title="bbox 70 448 1481 497; baseline 0 -12"><span class='ocrx_word' id='word_1_34' title='bbox 70 451 247 485; x_wconf 82' lang='lat' dir='ltr'><strong>Antenor</strong></span> <span class='ocrx_word' id='word_1_35' title='bbox 277 448 464 485; x_wconf 81' lang='lat' dir='ltr'><strong>devehere</strong></span> <span class='ocrx_word' id='word_1_36' title='bbox 494 448 810 493; x_wconf 82' lang='lat' dir='ltr'>Thessalonicam</span> <span class='ocrx_word' id='word_1_37' title='bbox 841 449 950 485; x_wconf 81' lang='lat' dir='ltr'>iussit</span> <span class='ocrx_word' id='word_1_38' title='bbox 984 456 1019 485; x_wconf 88' lang='lat' dir='ltr'>et</span> <span class='ocrx_word' id='word_1_39' title='bbox 1049 450 1174 497; x_wconf 89' lang='lat' dir='ltr'>primo</span> <span class='ocrx_word' id='word_1_40' title='bbox 1206 462 1358 497; x_wconf 84' lang='lat' dir='ltr'>quoque</span> <span class='ocrx_word' id='word_1_41' title='bbox 1388 456 1481 485; x_wconf 87' lang='lat' dir='ltr'>tcm-</span> 
     </span>
     <span class='ocr_line' id='line_1_6' title="bbox 70 517 1481 566; baseline 0.001 -12"><span class='ocrx_word' id='word_1_42' title='bbox 70 530 163 566; x_wconf 85' lang='lat' dir='ltr'><strong>pore</strong></span> <span class='ocrx_word' id='word_1_43' title='bbox 194 518 242 554; x_wconf 84' lang='lat' dir='ltr'>ad</span> <span class='ocrx_word' id='word_1_44' title='bbox 262 518 422 554; x_wconf 81' lang='lat' dir='ltr'><strong>classem</strong></span> <span class='ocrx_word' id='word_1_45' title='bbox 444 517 601 561; x_wconf 68' lang='lat' dir='ltr'>reverti,</span> <span class='ocrx_word' id='word_1_46' title='bbox 632 518 776 554; x_wconf 83' lang='lat' dir='ltr'>Phanis</span> <span class='ocrx_word' id='word_1_47' title='bbox 802 531 842 554; x_wconf 83' lang='lat' dir='ltr'>se</span> <span class='ocrx_word' id='word_1_48' title='bbox 868 530 933 554; x_wconf 89' lang='lat' dir='ltr'>eos</span> <span class='ocrx_word' id='word_1_49' title='bbox 960 525 1262 566; x_wconf 82' lang='lat' dir='ltr'>expectaturum.</span> <span class='ocrx_word' id='word_1_50' title='bbox 1295 519 1481 555; x_wconf 85' lang='lat' dir='ltr'>Triduum</span> 
     </span>
     <span class='ocr_line' id='line_1_7' title="bbox 69 587 1481 636; baseline 0 -12"><span class='ocrx_word' id='word_1_51' title='bbox 69 587 188 624; x_wconf 84' lang='lat' dir='ltr'>ferme</span> <span class='ocrx_word' id='word_1_52' title='bbox 218 587 350 624; x_wconf 86' lang='lat' dir='ltr'>classis</span> <span class='ocrx_word' id='word_1_53' title='bbox 381 587 429 623; x_wconf 87' lang='lat' dir='ltr'>ad</span> <span class='ocrx_word' id='word_1_54' title='bbox 461 588 592 623; x_wconf 87' lang='lat' dir='ltr'>urbem</span> <span class='ocrx_word' id='word_1_55' title='bbox 623 590 731 626; x_wconf 78' lang='lat' dir='ltr'>stetit.</span> <span class='ocrx_word' id='word_1_56' title='bbox 778 588 935 624; x_wconf 87' lang='lat' dir='ltr'>Phanas</span> <span class='ocrx_word' id='word_1_57' title='bbox 961 587 1048 623; x_wconf 88' lang='lat' dir='ltr'>inde</span> <span class='ocrx_word' id='word_1_58' title='bbox 1086 588 1279 636; x_wconf 84' lang='lat' dir='ltr'>progressi</span> <span class='ocrx_word' id='word_1_59' title='bbox 1310 595 1395 624; x_wconf 89' lang='lat' dir='ltr'>sunt</span> <span class='ocrx_word' id='word_1_60' title='bbox 1434 594 1481 632; x_wconf 86' lang='lat' dir='ltr'>et,</span> 
     </span>
     <span class='ocr_line' id='line_1_8' title="bbox 69 657 1480 706; baseline 0.001 -14"><span class='ocrx_word' id='word_1_61' title='bbox 69 669 136 704; x_wconf 89' lang='lat' dir='ltr'>spe</span> <span class='ocrx_word' id='word_1_62' title='bbox 177 657 334 694; x_wconf 87' lang='lat' dir='ltr'>celerius</span> <span class='ocrx_word' id='word_1_63' title='bbox 377 657 560 706; x_wconf 82' lang='lat' dir='ltr'>regressis</span> <span class='ocrx_word' id='word_1_64' title='bbox 591 657 629 693; x_wconf 84' lang='lat' dir='ltr'>X</span> <span class='ocrx_word' id='word_1_65' title='bbox 660 657 813 701; x_wconf 70' lang='lat' dir='ltr'>lembis,</span> <span class='ocrx_word' id='word_1_66' title='bbox 859 657 978 694; x_wconf 84' lang='lat' dir='ltr'>evecti</span> <span class='ocrx_word' id='word_1_67' title='bbox 1015 658 1156 706; x_wconf 82' lang='lat' dir='ltr'>AEgaeo</span> <span class='ocrx_word' id='word_1_68' title='bbox 1203 657 1299 694; x_wconf 86' lang='lat' dir='ltr'>mari</span> <span class='ocrx_word' id='word_1_69' title='bbox 1341 657 1480 693; x_wconf 91' lang='lat' dir='ltr'>Delum</span> 
     </span>
     <span class='ocr_line' id='line_1_9' title="bbox 68 727 309 769; baseline 0.008 -7"><span class='ocrx_word' id='word_1_70' title='bbox 68 727 309 769; x_wconf 84' lang='lat' dir='ltr'>traiecerunt.</span> 
     </span>
    </p>

    <p class='ocr_par' dir='ltr' id='par_1_3' title="bbox 62 795 1481 2031">
     <span class='ocr_line' id='line_1_10' title="bbox 182 795 1478 845; baseline 0.001 -13"><span class='ocrx_word' id='word_1_71' title='bbox 182 797 282 832; x_wconf 89' lang='lat' dir='ltr'>Dum</span> <span class='ocrx_word' id='word_1_72' title='bbox 322 797 402 833; x_wconf 84' lang='lat' dir='ltr'>haec</span> <span class='ocrx_word' id='word_1_73' title='bbox 443 802 644 843; x_wconf 86' lang='lat' dir='ltr'>geruntur,</span> <span class='ocrx_word' id='word_1_74' title='bbox 689 795 804 843; x_wconf 83' lang='lat' dir='ltr'>legati</span> <span class='ocrx_word' id='word_1_75' title='bbox 847 796 1033 840; x_wconf 82' lang='lat' dir='ltr'>Romani,</span> <span class='ocrx_word' id='word_1_76' title='bbox 1077 795 1118 833; x_wconf 83' lang='lat' dir='ltr'>C.</span> <span class='ocrx_word' id='word_1_77' title='bbox 1150 796 1324 845; x_wconf 87' lang='lat' dir='ltr'>Popilius</span> <span class='ocrx_word' id='word_1_78' title='bbox 1367 805 1404 833; x_wconf 90' lang='lat' dir='ltr'>et</span> <span class='ocrx_word' id='word_1_79' title='bbox 1434 796 1478 834; x_wconf 90' lang='lat' dir='ltr'>C.</span> 
     </span>
     <span class='ocr_line' id='line_1_11' title="bbox 68 863 1480 914; baseline 0.001 -12"><span class='ocrx_word' id='word_1_80' title='bbox 68 865 264 902; x_wconf 84' lang='lat' dir='ltr'>Decimius</span> <span class='ocrx_word' id='word_1_81' title='bbox 295 872 331 901; x_wconf 92' lang='lat' dir='ltr'>et</span> <span class='ocrx_word' id='word_1_82' title='bbox 362 866 404 903; x_wconf 80' lang='lat' dir='ltr'>C.</span> <span class='ocrx_word' id='word_1_83' title='bbox 436 865 643 909; x_wconf 78' lang='lat' dir='ltr'>Hostilius,</span> <span class='ocrx_word' id='word_1_84' title='bbox 687 877 710 900; x_wconf 85' lang='lat' dir='ltr'>a</span> <span class='ocrx_word' id='word_1_85' title='bbox 740 863 922 901; x_wconf 83' lang='lat' dir='ltr'>Chalcide</span> <span class='ocrx_word' id='word_1_86' title='bbox 952 865 1114 914; x_wconf 83' lang='lat' dir='ltr'>profecti</span> <span class='ocrx_word' id='word_1_87' title='bbox 1143 867 1262 902; x_wconf 89' lang='lat' dir='ltr'>tribus</span> <span class='ocrx_word' id='word_1_88' title='bbox 1294 866 1480 914; x_wconf 86' lang='lat' dir='ltr'>quinque-</span> 
     </span>
     <span class='ocr_line' id='line_1_12' title="bbox 67 934 1481 978; baseline 0.001 -7"><span class='ocrx_word' id='word_1_89' title='bbox 67 936 234 972; x_wconf 87' lang='lat' dir='ltr'>remibus</span> <span class='ocrx_word' id='word_1_90' title='bbox 265 936 404 972; x_wconf 85' lang='lat' dir='ltr'>Delum</span> <span class='ocrx_word' id='word_1_91' title='bbox 438 948 521 972; x_wconf 88' lang='lat' dir='ltr'>cum</span> <span class='ocrx_word' id='word_1_92' title='bbox 552 935 757 978; x_wconf 85' lang='lat' dir='ltr'>venissent,</span> <span class='ocrx_word' id='word_1_93' title='bbox 787 934 934 971; x_wconf 90' lang='lat' dir='ltr'>lembos</span> <span class='ocrx_word' id='word_1_94' title='bbox 971 935 1021 971; x_wconf 89' lang='lat' dir='ltr'>ibi</span> <span class='ocrx_word' id='word_1_95' title='bbox 1054 936 1308 972; x_wconf 82' lang='lat' dir='ltr'>Macedonum</span> <span class='ocrx_word' id='word_1_96' title='bbox 1340 936 1416 972; x_wconf 84' lang='lat' dir='ltr'>XL</span> <span class='ocrx_word' id='word_1_97' title='bbox 1445 944 1481 972; x_wconf 88' lang='lat' dir='ltr'>et</span> 
     </span>
     <span class='ocr_line' id='line_1_13' title="bbox 67 1003 1480 1054; baseline 0.001 -14"><span class='ocrx_word' id='word_1_98' title='bbox 67 1005 105 1040; x_wconf 94' lang='lat' dir='ltr'>V</span> <span class='ocrx_word' id='word_1_99' title='bbox 135 1006 235 1053; x_wconf 85' lang='lat' dir='ltr'>regis</span> <span class='ocrx_word' id='word_1_100' title='bbox 266 1006 448 1042; x_wconf 86' lang='lat' dir='ltr'>Eumenis</span> <span class='ocrx_word' id='word_1_101' title='bbox 489 1005 781 1053; x_wconf 83' lang='lat' dir='ltr'>quinqueremes</span> <span class='ocrx_word' id='word_1_102' title='bbox 819 1003 1055 1041; x_wconf 83' lang='lat' dir='ltr'>invenerunt.</span> <span class='ocrx_word' id='word_1_103' title='bbox 1126 1005 1318 1043; x_wconf 85' lang='lat' dir='ltr'>Sanctitas</span> <span class='ocrx_word' id='word_1_104' title='bbox 1349 1005 1480 1054; x_wconf 88' lang='lat' dir='ltr'>templi</span> 
     </span>
     <span class='ocr_line' id='line_1_14' title="bbox 66 1074 1480 1123; baseline 0 -12"><span class='ocrx_word' id='word_1_105' title='bbox 66 1075 274 1123; x_wconf 80' lang='lat' dir='ltr'>insulaeque</span> <span class='ocrx_word' id='word_1_106' title='bbox 314 1076 518 1112; x_wconf 84' lang='lat' dir='ltr'>inviolatos</span> <span class='ocrx_word' id='word_1_107' title='bbox 557 1074 766 1122; x_wconf 79' lang='lat' dir='ltr'>praestabat</span> <span class='ocrx_word' id='word_1_108' title='bbox 803 1085 946 1109; x_wconf 90' lang='lat' dir='ltr'>omnes.</span> <span class='ocrx_word' id='word_1_109' title='bbox 1010 1076 1149 1123; x_wconf 86' lang='lat' dir='ltr'>Itaque</span> <span class='ocrx_word' id='word_1_110' title='bbox 1193 1075 1370 1123; x_wconf 83' lang='lat' dir='ltr'>permixti</span> <span class='ocrx_word' id='word_1_111' title='bbox 1401 1076 1480 1112; x_wconf 85' lang='lat' dir='ltr'>Ro-</span> 
     </span>
     <span class='ocr_line' id='line_1_15' title="bbox 67 1143 1479 1193; baseline 0.001 -13"><span class='ocrx_word' id='word_1_112' title='bbox 67 1145 246 1193; x_wconf 86' lang='lat' dir='ltr'>manique</span> <span class='ocrx_word' id='word_1_113' title='bbox 273 1151 308 1182; x_wconf 89' lang='lat' dir='ltr'>et</span> <span class='ocrx_word' id='word_1_114' title='bbox 338 1145 573 1182; x_wconf 84' lang='lat' dir='ltr'>Macedones</span> <span class='ocrx_word' id='word_1_115' title='bbox 605 1150 640 1179; x_wconf 92' lang='lat' dir='ltr'>et</span> <span class='ocrx_word' id='word_1_116' title='bbox 669 1143 852 1179; x_wconf 84' lang='lat' dir='ltr'>Eumenis</span> <span class='ocrx_word' id='word_1_117' title='bbox 882 1144 1040 1180; x_wconf 84' lang='lat' dir='ltr'>navales</span> <span class='ocrx_word' id='word_1_118' title='bbox 1076 1145 1169 1181; x_wconf 92' lang='lat' dir='ltr'>socii</span> <span class='ocrx_word' id='word_1_119' title='bbox 1199 1152 1233 1181; x_wconf 79' lang='lat' dir='ltr'>et</span> <span class='ocrx_word' id='word_1_120' title='bbox 1262 1148 1296 1181; x_wconf 77' lang='lat' dir='ltr'>in</span> <span class='ocrx_word' id='word_1_121' title='bbox 1326 1146 1414 1182; x_wconf 76' lang='lat' dir='ltr'>urbe</span> <span class='ocrx_word' id='word_1_122' title='bbox 1443 1153 1479 1182; x_wconf 86' lang='lat' dir='ltr'>et</span> 
     </span>
     <span class='ocr_line' id='line_1_16' title="bbox 64 1212 1477 1264; baseline 0.001 -14"><span class='ocrx_word' id='word_1_123' title='bbox 64 1214 102 1250; x_wconf 90' lang='lat' dir='ltr'>in</span> <span class='ocrx_word' id='word_1_124' title='bbox 133 1216 289 1264; x_wconf 88' lang='lat' dir='ltr'>templo,</span> <span class='ocrx_word' id='word_1_125' title='bbox 320 1215 485 1251; x_wconf 87' lang='lat' dir='ltr'>indutias</span> <span class='ocrx_word' id='word_1_126' title='bbox 516 1214 700 1263; x_wconf 85' lang='lat' dir='ltr'>religione</span> <span class='ocrx_word' id='word_1_127' title='bbox 728 1212 802 1248; x_wconf 87' lang='lat' dir='ltr'>loci</span> <span class='ocrx_word' id='word_1_128' title='bbox 832 1213 1035 1261; x_wconf 66' lang='lat' dir='ltr'>praebente,</span> <span class='ocrx_word' id='word_1_129' title='bbox 1067 1215 1333 1251; x_wconf 84' lang='lat' dir='ltr'>versabantur.</span> <span class='ocrx_word' id='word_1_130' title='bbox 1391 1217 1477 1252; x_wconf 90' lang='lat' dir='ltr'>An-</span> 
     </span>
     <span class='ocr_line' id='line_1_17' title="bbox 65 1283 1478 1333; baseline 0.001 -13"><span class='ocrx_word' id='word_1_131' title='bbox 65 1290 194 1330; x_wconf 86' lang='lat' dir='ltr'>tenor,</span> <span class='ocrx_word' id='word_1_132' title='bbox 235 1286 369 1322; x_wconf 87' lang='lat' dir='ltr'>Persei</span> <span class='ocrx_word' id='word_1_133' title='bbox 400 1283 620 1333; x_wconf 71' lang='lat' dir='ltr'>praefectus,</span> <span class='ocrx_word' id='word_1_134' title='bbox 662 1295 746 1320; x_wconf 87' lang='lat' dir='ltr'>cum</span> <span class='ocrx_word' id='word_1_135' title='bbox 791 1283 938 1330; x_wconf 87' lang='lat' dir='ltr'>aliquas</span> <span class='ocrx_word' id='word_1_136' title='bbox 970 1283 1048 1319; x_wconf 88' lang='lat' dir='ltr'>alto</span> <span class='ocrx_word' id='word_1_137' title='bbox 1079 1284 1251 1331; x_wconf 82' lang='lat' dir='ltr'>praeferri</span> <span class='ocrx_word' id='word_1_138' title='bbox 1281 1286 1478 1323; x_wconf 83' lang='lat' dir='ltr'>onerarias</span> 
     </span>
     <span class='ocr_line' id='line_1_18' title="bbox 64 1351 1477 1404; baseline 0.001 -15"><span class='ocrx_word' id='word_1_139' title='bbox 64 1367 184 1391; x_wconf 85' lang='lat' dir='ltr'>naves</span> <span class='ocrx_word' id='word_1_140' title='bbox 217 1368 264 1391; x_wconf 89' lang='lat' dir='ltr'>ex</span> <span class='ocrx_word' id='word_1_141' title='bbox 295 1354 459 1403; x_wconf 84' lang='lat' dir='ltr'>speculis</span> <span class='ocrx_word' id='word_1_142' title='bbox 490 1353 743 1401; x_wconf 84' lang='lat' dir='ltr'>significatum</span> <span class='ocrx_word' id='word_1_143' title='bbox 775 1351 893 1397; x_wconf 84' lang='lat' dir='ltr'>foret,</span> <span class='ocrx_word' id='word_1_144' title='bbox 925 1359 1034 1400; x_wconf 87' lang='lat' dir='ltr'>parte</span> <span class='ocrx_word' id='word_1_145' title='bbox 1063 1353 1277 1391; x_wconf 89' lang='lat' dir='ltr'>lemborum</span> <span class='ocrx_word' id='word_1_146' title='bbox 1308 1355 1389 1404; x_wconf 92' lang='lat' dir='ltr'>ipse</span> <span class='ocrx_word' id='word_1_147' title='bbox 1420 1356 1477 1392; x_wconf 91' lang='lat' dir='ltr'>in-</span> 
     </span>
     <span class='ocr_line' id='line_1_19' title="bbox 66 1422 1476 1474; baseline 0.001 -14"><span class='ocrx_word' id='word_1_148' title='bbox 66 1436 249 1472; x_wconf 84' lang='lat' dir='ltr'>sequens,</span> <span class='ocrx_word' id='word_1_149' title='bbox 294 1431 402 1472; x_wconf 82' lang='lat' dir='ltr'>parte</span> <span class='ocrx_word' id='word_1_150' title='bbox 445 1436 514 1471; x_wconf 84' lang='lat' dir='ltr'>per</span> <span class='ocrx_word' id='word_1_151' title='bbox 553 1422 741 1471; x_wconf 82' lang='lat' dir='ltr'>Cyclades</span> <span class='ocrx_word' id='word_1_152' title='bbox 784 1422 988 1470; x_wconf 84' lang='lat' dir='ltr'>disposita,</span> <span class='ocrx_word' id='word_1_153' title='bbox 1030 1431 1285 1473; x_wconf 87' lang='lat' dir='ltr'>praeterquam</span> <span class='ocrx_word' id='word_1_154' title='bbox 1320 1426 1351 1462; x_wconf 92' lang='lat' dir='ltr'>si</span> <span class='ocrx_word' id='word_1_155' title='bbox 1392 1438 1476 1474; x_wconf 88' lang='lat' dir='ltr'>quae</span> 
     </span>
     <span class='ocr_line' id='line_1_20' title="bbox 64 1492 1478 1543; baseline 0.001 -13"><span class='ocrx_word' id='word_1_156' title='bbox 64 1494 333 1530; x_wconf 82' lang='lat' dir='ltr'>Macedoniam</span> <span class='ocrx_word' id='word_1_157' title='bbox 373 1498 562 1541; x_wconf 83' lang='lat' dir='ltr'>peterent,</span> <span class='ocrx_word' id='word_1_158' title='bbox 605 1504 736 1528; x_wconf 90' lang='lat' dir='ltr'>omncs</span> <span class='ocrx_word' id='word_1_159' title='bbox 776 1498 843 1528; x_wconf 85' lang='lat' dir='ltr'>aut</span> <span class='ocrx_word' id='word_1_160' title='bbox 874 1492 1137 1540; x_wconf 86' lang='lat' dir='ltr'>supprimebat</span> <span class='ocrx_word' id='word_1_161' title='bbox 1178 1501 1243 1531; x_wconf 85' lang='lat' dir='ltr'>aut</span> <span class='ocrx_word' id='word_1_162' title='bbox 1284 1495 1478 1543; x_wconf 85' lang='lat' dir='ltr'>spoliabat</span> 
     </span>
     <span class='ocr_line' id='line_1_21' title="bbox 66 1561 1476 1613; baseline 0.001 -14"><span class='ocrx_word' id='word_1_163' title='bbox 66 1561 236 1613; x_wconf 67' lang='lat' dir='ltr'>[naves]</span> <span class='ocrx_word' id='word_1_164' title='bbox 307 1563 454 1610; x_wconf 84' lang='lat' dir='ltr'>Quibus</span> <span class='ocrx_word' id='word_1_165' title='bbox 486 1568 656 1609; x_wconf 68' lang='lat' dir='ltr'>poterat,</span> <span class='ocrx_word' id='word_1_166' title='bbox 694 1562 867 1610; x_wconf 87' lang='lat' dir='ltr'>Popilius</span> <span class='ocrx_word' id='word_1_167' title='bbox 897 1563 973 1597; x_wconf 71' lang='lat' dir='ltr'>suis</span> <span class='ocrx_word' id='word_1_168' title='bbox 1003 1568 1068 1598; x_wconf 89' lang='lat' dir='ltr'>aut</span> <span class='ocrx_word' id='word_1_169' title='bbox 1097 1563 1280 1599; x_wconf 88' lang='lat' dir='ltr'>Eumenis</span> <span class='ocrx_word' id='word_1_170' title='bbox 1312 1564 1476 1601; x_wconf 80' lang='lat' dir='ltr'>navibus</span> 
     </span>
     <span class='ocr_line' id='line_1_22' title="bbox 64 1631 1476 1681; baseline 0.001 -13"><span class='ocrx_word' id='word_1_171' title='bbox 64 1634 331 1677; x_wconf 83' lang='lat' dir='ltr'>succurrebat3</span> <span class='ocrx_word' id='word_1_172' title='bbox 362 1632 429 1668; x_wconf 90' lang='lat' dir='ltr'>sed</span> <span class='ocrx_word' id='word_1_173' title='bbox 460 1631 558 1667; x_wconf 80' lang='lat' dir='ltr'>vecti</span> <span class='ocrx_word' id='word_1_174' title='bbox 586 1638 696 1667; x_wconf 87' lang='lat' dir='ltr'>nocte</span> <span class='ocrx_word' id='word_1_175' title='bbox 729 1632 827 1668; x_wconf 89' lang='lat' dir='ltr'>binis</span> <span class='ocrx_word' id='word_1_176' title='bbox 859 1637 925 1667; x_wconf 85' lang='lat' dir='ltr'>aut</span> <span class='ocrx_word' id='word_1_177' title='bbox 945 1631 1059 1667; x_wconf 84' lang='lat' dir='ltr'>ternis</span> <span class='ocrx_word' id='word_1_178' title='bbox 1087 1631 1313 1681; x_wconf 87' lang='lat' dir='ltr'>plerumque</span> <span class='ocrx_word' id='word_1_179' title='bbox 1341 1634 1476 1671; x_wconf 89' lang='lat' dir='ltr'>lembis</span> 
     </span>
     <span class='ocr_line' id='line_1_23' title="bbox 63 1699 1476 1750; baseline 0.001 -11"><span class='ocrx_word' id='word_1_180' title='bbox 63 1703 296 1739; x_wconf 82' lang='lat' dir='ltr'>Macedones</span> <span class='ocrx_word' id='word_1_181' title='bbox 333 1701 530 1738; x_wconf 81' lang='lat' dir='ltr'>fallebant.</span> <span class='ocrx_word' id='word_1_182' title='bbox 602 1701 678 1736; x_wconf 89' lang='lat' dir='ltr'>Per</span> <span class='ocrx_word' id='word_1_183' title='bbox 710 1700 747 1735; x_wconf 87' lang='lat' dir='ltr'>id</span> <span class='ocrx_word' id='word_1_184' title='bbox 787 1699 868 1736; x_wconf 82' lang='lat' dir='ltr'>fere</span> <span class='ocrx_word' id='word_1_185' title='bbox 905 1706 1054 1748; x_wconf 90' lang='lat' dir='ltr'>tempus</span> <span class='ocrx_word' id='word_1_186' title='bbox 1094 1702 1211 1750; x_wconf 80' lang='lat' dir='ltr'>legati</span> <span class='ocrx_word' id='word_1_187' title='bbox 1244 1704 1476 1741; x_wconf 84' lang='lat' dir='ltr'>Macedones</span> 
     </span>
     <span class='ocr_line' id='line_1_24' title="bbox 64 1770 1478 1822; baseline 0.002 -14"><span class='ocrx_word' id='word_1_188' title='bbox 64 1773 262 1822; x_wconf 82' lang='lat' dir='ltr'>Illyriique</span> <span class='ocrx_word' id='word_1_189' title='bbox 291 1771 403 1808; x_wconf 87' lang='lat' dir='ltr'>simul</span> <span class='ocrx_word' id='word_1_190' title='bbox 432 1770 610 1807; x_wconf 77' lang='lat' dir='ltr'>Rhodum</span> <span class='ocrx_word' id='word_1_191' title='bbox 643 1777 841 1816; x_wconf 87' lang='lat' dir='ltr'>venerunt,</span> <span class='ocrx_word' id='word_1_192' title='bbox 872 1771 1009 1818; x_wconf 89' lang='lat' dir='ltr'>quibus</span> <span class='ocrx_word' id='word_1_193' title='bbox 1034 1773 1300 1810; x_wconf 84' lang='lat' dir='ltr'>auctoritatem</span> <span class='ocrx_word' id='word_1_194' title='bbox 1333 1775 1478 1812; x_wconf 86' lang='lat' dir='ltr'>addidit</span> 
     </span>
     <span class='ocr_line' id='line_1_25' title="bbox 62 1839 1478 1892; baseline 0.001 -13"><span class='ocrx_word' id='word_1_195' title='bbox 62 1855 139 1879; x_wconf 91' lang='lat' dir='ltr'>non</span> <span class='ocrx_word' id='word_1_196' title='bbox 181 1843 393 1879; x_wconf 88' lang='lat' dir='ltr'>lemborum</span> <span class='ocrx_word' id='word_1_197' title='bbox 439 1840 555 1876; x_wconf 86' lang='lat' dir='ltr'>modo</span> <span class='ocrx_word' id='word_1_198' title='bbox 593 1839 802 1885; x_wconf 85' lang='lat' dir='ltr'>adventus,</span> <span class='ocrx_word' id='word_1_199' title='bbox 847 1841 990 1888; x_wconf 83' lang='lat' dir='ltr'>passim</span> <span class='ocrx_word' id='word_1_200' title='bbox 1032 1854 1100 1890; x_wconf 92' lang='lat' dir='ltr'>per</span> <span class='ocrx_word' id='word_1_201' title='bbox 1131 1841 1321 1890; x_wconf 86' lang='lat' dir='ltr'>Cycladas</span> <span class='ocrx_word' id='word_1_202' title='bbox 1352 1844 1478 1892; x_wconf 87' lang='lat' dir='ltr'>adque</span> 
     </span>
     <span class='ocr_line' id='line_1_26' title="bbox 62 1910 1477 1961; baseline 0 -12"><span class='ocrx_word' id='word_1_203' title='bbox 62 1913 243 1960; x_wconf 82' lang='lat' dir='ltr'>AEgaeum</span> <span class='ocrx_word' id='word_1_204' title='bbox 273 1911 496 1959; x_wconf 79' lang='lat' dir='ltr'>vagantium</span> <span class='ocrx_word' id='word_1_205' title='bbox 541 1921 670 1954; x_wconf 83' lang='lat' dir='ltr'>mare,</span> <span class='ocrx_word' id='word_1_206' title='bbox 716 1910 783 1945; x_wconf 87' lang='lat' dir='ltr'>sed</span> <span class='ocrx_word' id='word_1_207' title='bbox 825 1910 937 1946; x_wconf 81' lang='lat' dir='ltr'>etiam</span> <span class='ocrx_word' id='word_1_208' title='bbox 977 1912 1192 1948; x_wconf 85' lang='lat' dir='ltr'>coniunctio</span> <span class='ocrx_word' id='word_1_209' title='bbox 1230 1912 1315 1960; x_wconf 84' lang='lat' dir='ltr'>ipsa</span> <span class='ocrx_word' id='word_1_210' title='bbox 1344 1925 1477 1961; x_wconf 85' lang='lat' dir='ltr'>regum</span> 
     </span>
     <span class='ocr_line' id='line_1_27' title="bbox 63 1978 1478 2031; baseline 0.001 -13"><span class='ocrx_word' id='word_1_211' title='bbox 63 1982 195 2018; x_wconf 84' lang='lat' dir='ltr'>Persei</span> <span class='ocrx_word' id='word_1_212' title='bbox 228 1981 422 2028; x_wconf 85' lang='lat' dir='ltr'>Gentique</span> <span class='ocrx_word' id='word_1_213' title='bbox 456 1986 489 2016; x_wconf 85' lang='lat' dir='ltr'>et</span> <span class='ocrx_word' id='word_1_214' title='bbox 524 1978 631 2015; x_wconf 81' lang='lat' dir='ltr'>fama</span> <span class='ocrx_word' id='word_1_215' title='bbox 671 1991 755 2014; x_wconf 89' lang='lat' dir='ltr'>cum</span> <span class='ocrx_word' id='word_1_216' title='bbox 800 1991 940 2028; x_wconf 87' lang='lat' dir='ltr'>magno</span> <span class='ocrx_word' id='word_1_217' title='bbox 977 1993 1136 2017; x_wconf 88' lang='lat' dir='ltr'>numero</span> <span class='ocrx_word' id='word_1_218' title='bbox 1169 1982 1338 2029; x_wconf 84' lang='lat' dir='ltr'>peditum</span> <span class='ocrx_word' id='word_1_219' title='bbox 1370 1984 1478 2031; x_wconf 88' lang='lat' dir='ltr'>equi-</span> 
     </span>
    </p>
   </div>
   <div class='ocr_carea' id='block_1_3' title="bbox 119 2091 345 2097">
    <p class='ocr_par' dir='ltr' id='par_1_4' title="bbox 119 2091 345 2097">
     <span class='ocr_line' id='line_1_28' title="bbox 119 2091 345 2097; baseline 0 0"><span class='ocrx_word' id='word_1_220' title='bbox 119 2091 345 2097; x_wconf 95' lang='lat' dir='ltr'> </span> 
     </span>
    </p>
   </div>
   <div class='ocr_carea' id='block_1_4' title="bbox 61 2157 1479 2558">
    <p class='ocr_par' dir='ltr' id='par_1_5' title="bbox 61 2157 1479 2558">
     <span class='ocr_line' id='line_1_29' title="bbox 63 2157 1479 2200; baseline 0.004 -12"><span class='ocrx_word' id='word_1_221' title='bbox 63 2162 82 2188; x_wconf 82' lang='lat'><strong>2</strong></span> <span class='ocrx_word' id='word_1_222' title='bbox 110 2167 202 2189; x_wconf 86' lang='lat' dir='ltr'>mare</span> <span class='ocrx_word' id='word_1_223' title='bbox 224 2158 228 2198; x_wconf 79' lang='lat' dir='ltr'>l</span> <span class='ocrx_word' id='word_1_224' title='bbox 250 2158 373 2199; x_wconf 81' lang='lat' dir='ltr'>partim</span> <span class='ocrx_word' id='word_1_225' title='bbox 401 2157 532 2200; x_wconf 71' lang='lat' dir='ltr'>Kreyss.</span> <span class='ocrx_word' id='word_1_226' title='bbox 581 2163 600 2189; x_wconf 87' lang='lat'><strong>3</strong></span> <span class='ocrx_word' id='word_1_227' title='bbox 623 2159 848 2189; x_wconf 83' lang='lat' dir='ltr'>succederunt</span> <span class='ocrx_word' id='word_1_228' title='bbox 908 2159 962 2197; x_wconf 80' lang='lat'>15,</span> <span class='ocrx_word' id='word_1_229' title='bbox 991 2164 1008 2190; x_wconf 77' lang='lat'>:2</span> <span class='ocrx_word' id='word_1_230' title='bbox 1036 2160 1143 2191; x_wconf 85' lang='lat' dir='ltr'>isdem</span> <span class='ocrx_word' id='word_1_231' title='bbox 1192 2164 1212 2191; x_wconf 85' lang='lat'><strong>3</strong></span> <span class='ocrx_word' id='word_1_232' title='bbox 1239 2162 1479 2194; x_wconf 83' lang='lat' dir='ltr'>tessalonicam</span> 
     </span>
     <span class='ocr_line' id='line_1_30' title="bbox 63 2216 1479 2259; baseline 0.004 -13"><span class='ocrx_word' id='word_1_233' title='bbox 63 2219 84 2246; x_wconf 85' lang='lat'>4</span> <span class='ocrx_word' id='word_1_234' title='bbox 121 2216 230 2256; x_wconf 85' lang='lat' dir='ltr'>planis</span> <span class='ocrx_word' id='word_1_235' title='bbox 273 2225 307 2247; x_wconf 88' lang='lat' dir='ltr'>se</span> <span class='ocrx_word' id='word_1_236' title='bbox 345 2225 422 2247; x_wconf 77' lang='lat' dir='ltr'>eum</span> <span class='ocrx_word' id='word_1_237' title='bbox 488 2216 553 2254; x_wconf 83' lang='lat'>16,</span> <span class='ocrx_word' id='word_1_238' title='bbox 593 2220 605 2247; x_wconf 90' lang='lat' dir='ltr'>l</span> <span class='ocrx_word' id='word_1_239' title='bbox 647 2217 747 2247; x_wconf 85' lang='lat' dir='ltr'>trium</span> <span class='ocrx_word' id='word_1_240' title='bbox 782 2217 885 2247; x_wconf 81' lang='lat' dir='ltr'>ferme</span> <span class='ocrx_word' id='word_1_241' title='bbox 948 2221 965 2246; x_wconf 83' lang='lat'><strong>2</strong></span> <span class='ocrx_word' id='word_1_242' title='bbox 1005 2218 1122 2248; x_wconf 84' lang='lat' dir='ltr'>urbem</span> <span class='ocrx_word' id='word_1_243' title='bbox 1150 2219 1278 2259; x_wconf 75' lang='lat' dir='ltr'>phanas</span> <span class='ocrx_word' id='word_1_244' title='bbox 1335 2223 1354 2251; x_wconf 88' lang='lat'><strong>3</strong></span> <span class='ocrx_word' id='word_1_245' title='bbox 1393 2221 1479 2252; x_wconf 87' lang='lat' dir='ltr'>cele-</span> 
     </span>
     <span class='ocr_line' id='line_1_31' title="bbox 61 2273 1478 2318; baseline 0.004 -15"><span class='ocrx_word' id='word_1_246' title='bbox 61 2273 132 2303; x_wconf 89' lang='lat' dir='ltr'>rius</span> <span class='ocrx_word' id='word_1_247' title='bbox 160 2273 322 2313; x_wconf 82' lang='lat' dir='ltr'>ingressis</span> <span class='ocrx_word' id='word_1_248' title='bbox 349 2283 390 2303; x_wconf 83' lang='lat' dir='ltr'>ex</span> <span class='ocrx_word' id='word_1_249' title='bbox 413 2273 534 2304; x_wconf 84' lang='lat' dir='ltr'>lembis</span> <span class='ocrx_word' id='word_1_250' title='bbox 553 2273 624 2315; x_wconf 50' lang='lat' dir='ltr'>Allgy.</span> <span class='ocrx_word' id='word_1_251' title='bbox 642 2273 715 2304; x_wconf 81' lang='lat' dir='ltr'>Em.</span> <span class='ocrx_word' id='word_1_252' title='bbox 735 2274 803 2305; x_wconf 65' lang='lat'>551</span> <span class='ocrx_word' id='word_1_253' title='bbox 826 2273 944 2315; x_wconf 69' lang='lat' dir='ltr'>(GrJstI.</span> <span class='ocrx_word' id='word_1_254' title='bbox 969 2275 1109 2306; x_wconf 78' lang='lat' dir='ltr'>reversis</span> <span class='ocrx_word' id='word_1_255' title='bbox 1127 2285 1150 2305; x_wconf 80' lang='lat' dir='ltr'><strong>x</strong></span> <span class='ocrx_word' id='word_1_256' title='bbox 1168 2276 1307 2318; x_wconf 89' lang='lat' dir='ltr'>lembis)</span> <span class='ocrx_word' id='word_1_257' title='bbox 1339 2279 1343 2317; x_wconf 84' lang='grc' dir='ltr'>Ι</span> <span class='ocrx_word' id='word_1_258' title='bbox 1371 2278 1478 2318; x_wconf 83' lang='lat' dir='ltr'>aegelo</span> 
     </span>
     <span class='ocr_line' id='line_1_32' title="bbox 62 2329 1479 2372; baseline 0.004 -12"><span class='ocrx_word' id='word_1_259' title='bbox 62 2329 194 2368; x_wconf 83' lang='lat' dir='ltr'>XXIX,</span> <span class='ocrx_word' id='word_1_260' title='bbox 222 2330 252 2367; x_wconf 80' lang='grc'>1,</span> <span class='ocrx_word' id='word_1_261' title='bbox 270 2334 288 2360; x_wconf 85' lang='grc'>2</span> <span class='ocrx_word' id='word_1_262' title='bbox 317 2330 445 2361; x_wconf 83' lang='lat' dir='ltr'>calcide</span> <span class='ocrx_word' id='word_1_263' title='bbox 495 2334 514 2361; x_wconf 87' lang='lat'><strong>3</strong></span> <span class='ocrx_word' id='word_1_264' title='bbox 540 2331 653 2361; x_wconf 86' lang='lat' dir='ltr'>delum</span> <span class='ocrx_word' id='word_1_265' title='bbox 682 2341 757 2362; x_wconf 86' lang='lat' dir='ltr'>cum</span> <span class='ocrx_word' id='word_1_266' title='bbox 774 2332 877 2362; x_wconf 87' lang='lat' dir='ltr'>nisset</span> <span class='ocrx_word' id='word_1_267' title='bbox 928 2335 947 2362; x_wconf 83' lang='lat'>4</span> <span class='ocrx_word' id='word_1_268' title='bbox 975 2332 1224 2372; x_wconf 84' lang='lat' dir='ltr'>quinqueremis</span> <span class='ocrx_word' id='word_1_269' title='bbox 1273 2334 1304 2372; x_wconf 78' lang='lat'>2,</span> <span class='ocrx_word' id='word_1_270' title='bbox 1335 2339 1347 2365; x_wconf 96' lang='lat' dir='ltr'>l</span> <span class='ocrx_word' id='word_1_271' title='bbox 1379 2346 1479 2366; x_wconf 81' lang='lat' dir='ltr'>sanc-</span> 
     </span>
     <span class='ocr_line' id='line_1_33' title="bbox 63 2387 1478 2433; baseline 0.005 -16"><span class='ocrx_word' id='word_1_272' title='bbox 63 2387 124 2418; x_wconf 83' lang='lat' dir='ltr'>tita</span> <span class='ocrx_word' id='word_1_273' title='bbox 174 2391 192 2418; x_wconf 90' lang='lat'><strong>3</strong></span> <span class='ocrx_word' id='word_1_274' title='bbox 212 2388 294 2419; x_wconf 80' lang='lat' dir='ltr'>socii</span> <span class='ocrx_word' id='word_1_275' title='bbox 316 2392 348 2418; x_wconf 84' lang='lat' dir='ltr'>et</span> <span class='ocrx_word' id='word_1_276' title='bbox 366 2388 401 2418; x_wconf 85' lang='lat' dir='ltr'>in</span> <span class='ocrx_word' id='word_1_277' title='bbox 420 2388 547 2429; x_wconf 88' lang='lat' dir='ltr'>templo</span> <span class='ocrx_word' id='word_1_278' title='bbox 565 2387 634 2430; x_wconf 68' lang='lat' dir='ltr'>My.</span> <span class='ocrx_word' id='word_1_279' title='bbox 652 2388 725 2419; x_wconf 88' lang='lat' dir='ltr'>Em.</span> <span class='ocrx_word' id='word_1_280' title='bbox 741 2389 809 2420; x_wconf 64' lang='lat'>561</span> <span class='ocrx_word' id='word_1_281' title='bbox 837 2388 955 2430; x_wconf 70' lang='lat' dir='ltr'>(Gryn.</span> <span class='ocrx_word' id='word_1_282' title='bbox 976 2390 1058 2421; x_wconf 89' lang='lat' dir='ltr'>socii</span> <span class='ocrx_word' id='word_1_283' title='bbox 1078 2391 1111 2421; x_wconf 90' lang='lat' dir='ltr'>in</span> <span class='ocrx_word' id='word_1_284' title='bbox 1130 2392 1271 2433; x_wconf 85' lang='lat' dir='ltr'>templo)</span> <span class='ocrx_word' id='word_1_285' title='bbox 1321 2392 1354 2433; x_wconf 87' lang='lat'>3,</span> <span class='ocrx_word' id='word_1_286' title='bbox 1374 2396 1393 2423; x_wconf 87' lang='lat'>2</span> <span class='ocrx_word' id='word_1_287' title='bbox 1416 2393 1478 2424; x_wconf 87' lang='lat' dir='ltr'>ali-</span> 
     </span>
     <span class='ocr_line' id='line_1_34' title="bbox 63 2444 1477 2495; baseline 0.006 -21"><span class='ocrx_word' id='word_1_288' title='bbox 63 2444 222 2486; x_wconf 78' lang='lat' dir='ltr'>quasaltu</span> <span class='ocrx_word' id='word_1_289' title='bbox 289 2449 307 2475; x_wconf 84' lang='lat'>4</span> <span class='ocrx_word' id='word_1_290' title='bbox 335 2445 518 2495; x_wconf 78' lang='lat' dir='ltr'>deisposita</span> <span class='ocrx_word' id='word_1_291' title='bbox 575 2445 607 2483; x_wconf 87' lang='lat'>4,</span> <span class='ocrx_word' id='word_1_292' title='bbox 637 2450 654 2476; x_wconf 82' lang='lat'>2</span> <span class='ocrx_word' id='word_1_293' title='bbox 683 2447 945 2487; x_wconf 82' lang='lat' dir='ltr'>suppremebant</span> <span class='ocrx_word' id='word_1_294' title='bbox 1006 2452 1025 2478; x_wconf 88' lang='lat'><strong>3</strong></span> <span class='ocrx_word' id='word_1_295' title='bbox 1052 2458 1152 2480; x_wconf 84' lang='lat' dir='ltr'>naves</span> <span class='ocrx_word' id='word_1_296' title='bbox 1179 2450 1299 2481; x_wconf 78' lang='lat' dir='ltr'>notavit</span> <span class='ocrx_word' id='word_1_297' title='bbox 1320 2449 1392 2492; x_wconf 68' lang='lat' dir='ltr'>My.</span> <span class='ocrx_word' id='word_1_298' title='bbox 1446 2450 1477 2488; x_wconf 84' lang='lat'>5,</span> 
     </span>
     <span class='ocr_line' id='line_1_35' title="bbox 66 2512 1478 2558; baseline 0.006 -15"><span class='ocrx_word' id='word_1_299' title='bbox 66 2515 79 2542; x_wconf 86' lang='lat'>1</span> <span class='ocrx_word' id='word_1_300' title='bbox 107 2512 255 2553; x_wconf 87' lang='lat' dir='ltr'>popilius</span> <span class='ocrx_word' id='word_1_301' title='bbox 281 2519 339 2544; x_wconf 85' lang='lat' dir='ltr'>aut</span> <span class='ocrx_word' id='word_1_302' title='bbox 365 2515 515 2545; x_wconf 86' lang='lat' dir='ltr'>eumenis</span> <span class='ocrx_word' id='word_1_303' title='bbox 552 2513 662 2547; x_wconf 72' lang='lat' dir='ltr'>Weiss.</span> <span class='ocrx_word' id='word_1_304' title='bbox 692 2515 806 2556; x_wconf 57' lang='grc' dir='ltr'>(ΘΙ-μη.</span> <span class='ocrx_word' id='word_1_305' title='bbox 835 2516 997 2548; x_wconf 88' lang='lat' dir='ltr'>Eumenis</span> <span class='ocrx_word' id='word_1_306' title='bbox 1022 2527 1144 2557; x_wconf 82' lang='lat' dir='ltr'>naves3</span> <span class='ocrx_word' id='word_1_307' title='bbox 1171 2518 1244 2550; x_wconf 81' lang='lat' dir='ltr'>inde</span> <span class='ocrx_word' id='word_1_308' title='bbox 1268 2518 1366 2551; x_wconf 82' lang='lat' dir='ltr'>Gron.</span> <span class='ocrx_word' id='word_1_309' title='bbox 1397 2519 1478 2558; x_wconf 84' lang='lat' dir='ltr'>Qui-</span> 
     </span>
    </p>
   </div>
   <div class='ocr_carea' id='block_1_5' title="bbox 61 2569 1480 2670">
    <p class='ocr_par' dir='ltr' id='par_1_6' title="bbox 61 2569 1480 2670">
     <span class='ocr_line' id='line_1_36' title="bbox 61 2569 1480 2617; baseline 0.006 -17"><span class='ocrx_word' id='word_1_310' title='bbox 61 2569 124 2601; x_wconf 88' lang='lat' dir='ltr'>bus</span> <span class='ocrx_word' id='word_1_311' title='bbox 158 2575 331 2610; x_wconf 82' lang='lat' dir='ltr'>poterant,</span> <span class='ocrx_word' id='word_1_312' title='bbox 370 2571 524 2612; x_wconf 89' lang='lat' dir='ltr'>Popilius</span> <span class='ocrx_word' id='word_1_313' title='bbox 563 2578 622 2602; x_wconf 79' lang='lat' dir='ltr'>aut</span> <span class='ocrx_word' id='word_1_314' title='bbox 653 2573 814 2604; x_wconf 81' lang='lat' dir='ltr'>Eumenis</span> <span class='ocrx_word' id='word_1_315' title='bbox 854 2583 953 2605; x_wconf 82' lang='lat' dir='ltr'>naves</span> <span class='ocrx_word' id='word_1_316' title='bbox 994 2577 1255 2617; x_wconf 84' lang='lat' dir='ltr'>succurrebant)</span> <span class='ocrx_word' id='word_1_317' title='bbox 1320 2581 1338 2609; x_wconf 89' lang='lat'>3</span> <span class='ocrx_word' id='word_1_318' title='bbox 1381 2577 1480 2609; x_wconf 80' lang='lat' dir='ltr'>falle-</span> 
     </span>
     <span class='ocr_line' id='line_1_37' title="bbox 62 2624 981 2670; baseline 0.005 -13"><span class='ocrx_word' id='word_1_319' title='bbox 62 2625 184 2658; x_wconf 82' lang='lat' dir='ltr'>bantur</span> <span class='ocrx_word' id='word_1_320' title='bbox 233 2627 264 2665; x_wconf 86' lang='lat'>6,</span> <span class='ocrx_word' id='word_1_321' title='bbox 293 2632 310 2658; x_wconf 87' lang='lat'>2</span> <span class='ocrx_word' id='word_1_322' title='bbox 338 2628 516 2669; x_wconf 76' lang='lat' dir='ltr'>inlyriique</span> <span class='ocrx_word' id='word_1_323' title='bbox 542 2639 576 2660; x_wconf 86' lang='lat' dir='ltr'>se</span> <span class='ocrx_word' id='word_1_324' title='bbox 605 2630 706 2660; x_wconf 87' lang='lat' dir='ltr'>simul</span> <span class='ocrx_word' id='word_1_325' title='bbox 752 2634 771 2660; x_wconf 86' lang='lat'>4</span> <span class='ocrx_word' id='word_1_326' title='bbox 797 2639 929 2670; x_wconf 87' lang='lat' dir='ltr'>aegeum</span> <span class='ocrx_word' id='word_1_327' title='bbox 976 2624 981 2629; x_wconf 21' lang='grc' dir='ltr'><strong>Δ</strong></span> 
     </span>
    </p>
   </div>
   <div class='ocr_carea' id='block_1_6' title="bbox 1519 313 1559 346">
    <p class='ocr_par' dir='ltr' id='par_1_7' title="bbox 1519 313 1559 346">
     <span class='ocr_line' id='line_1_38' title="bbox 1519 313 1559 346; baseline -0.075 0"><span class='ocrx_word' id='word_1_328' title='bbox 1519 313 1559 346; x_wconf 86' lang='grc'>1.”</span> 
     </span>
    </p>
   </div>
   <div class='ocr_carea' id='block_1_7' title="bbox 1519 522 1532 556">
    <p class='ocr_par' dir='ltr' id='par_1_8' title="bbox 1519 522 1532 556">
     <span class='ocr_line' id='line_1_39' title="bbox 1519 522 1532 556; baseline 0 0"><span class='ocrx_word' id='word_1_329' title='bbox 1519 522 1532 556; x_wconf 88' lang='grc'>1</span> 
     </span>
    </p>
   </div>
   <div class='ocr_carea' id='block_1_8' title="bbox 1511 1009 1532 1044">
    <p class='ocr_par' dir='ltr' id='par_1_9' title="bbox 1511 1009 1532 1044">
     <span class='ocr_line' id='line_1_40' title="bbox 1511 1009 1532 1044; textangle 90"><span class='ocrx_word' id='word_1_330' title='bbox 1511 1009 1532 1044; x_wconf 60' lang='lat'>10</span> 
     </span>
    </p>
   </div>
   <div class='ocr_carea' id='block_1_9' title="bbox 1509 1571 1530 1606">
    <p class='ocr_par' dir='ltr' id='par_1_10' title="bbox 1509 1571 1530 1606">
     <span class='ocr_line' id='line_1_41' title="bbox 1509 1571 1530 1606; textangle 90"><span class='ocrx_word' id='word_1_331' title='bbox 1509 1571 1530 1606; x_wconf 66' lang='lat' dir='ltr'>U!</span> 
     </span>
    </p>
   </div>
   <div class='ocr_carea' id='block_1_10' title="bbox 1545 324 1563 345">
    <p class='ocr_par' dir='ltr' id='par_1_11' title="bbox 1545 324 1563 345">
     <span class='ocr_line' id='line_1_42' title="bbox 1545 324 1563 345; baseline 0 0"><span class='ocrx_word' id='word_1_332' title='bbox 1545 324 1563 345; x_wconf 76' lang='lat'>‘)</span> 
     </span>
    </p>
   </div>
   <div class='ocr_carea' id='block_1_11' title="bbox 1543 522 1564 556">
    <p class='ocr_par' dir='ltr' id='par_1_12' title="bbox 1543 522 1564 556">
     <span class='ocr_line' id='line_1_43' title="bbox 1543 522 1564 556; baseline 0 0"><span class='ocrx_word' id='word_1_333' title='bbox 1543 522 1564 556; x_wconf 83' lang='lat'>6</span> 
     </span>
    </p>
   </div>
   <div class='ocr_carea' id='block_1_12' title="bbox 1539 794 1590 839">
    <p class='ocr_par' dir='ltr' id='par_1_13' title="bbox 1539 794 1590 839">
     <span class='ocr_line' id='line_1_44' title="bbox 1539 794 1590 839; baseline 0 0"><span class='ocrx_word' id='word_1_334' title='bbox 1539 794 1590 839; x_wconf 81' lang='lat'>29</span> 
     </span>
    </p>
   </div>
  </div>
 </body>
</html>
