1753 2934
246 157 294 190 70
803 157 975 188 Perioehae

189 282 250 315 Cn.
287 284 466 324 Pompeius
499 284 614 323 Magni
653 285 739 317 filius
780 288 812 317 in
845 287 1009 328 Hispania
1047 289 1226 320 contractis
1259 289 1402 329 viribus,
1445 299 1587 330 quarum

187 345 344 375 ducatum
375 355 434 375 nec
455 345 616 376 Afranius
644 357 704 377 nee
730 348 881 380 Petreius
904 350 1057 389 excipere
1083 350 1249 387 volebant,
1277 351 1402 381 bellum
1431 352 1588 383 adversus

192 405 356 436 Caesarem
385 408 568 439 renovavit.
621 409 814 441 Pharnaces
839 410 1046 441 Mithridatis
1073 409 1170 443 filius.
1200 420 1258 441 rex
1284 411 1393 449 Ponti,
1421 413 1493 442 sine
1520 412 1587 443 ulla

187 467 266 497 belli
294 477 385 497 mora
413 469 518 500 victus
544 476 606 500 est.
666 470 776 508 Quum
808 472 990 502 seditiones
1018 471 1131 501 Romae
1157 482 1176 502 a
1201 472 1238 502 P.
1267 473 1448 504 Dolabella
1473 480 1510 504 tr.
1542 473 1586 514 pl.

187 527 294 567 legem
322 527 447 559 serente
480 531 519 560 de
554 531 646 562 novis
680 532 803 562 tabulis
833 532 986 562 excitatae
1018 539 1129 563 essent
1165 539 1196 563 et
1229 542 1271 563 ex
1301 544 1340 565 ea
1367 545 1467 565 eausa
1492 535 1587 575 plebs

187 589 465 628 tumultuaretur,
498 592 644 623 induetis
669 604 686 623 a
713 592 759 624 M.
788 594 938 623 Antonio
967 594 1126 633 magistro
1151 595 1297 634 equitum
1325 595 1357 624 in
1385 595 1499 625 urbem
1526 596 1588 625 mi-

186 651 300 682 litibus
335 653 518 691 octingenti
555 663 570 683 e
597 654 694 694 plebe
727 655 800 685 caesi
836 661 922 684 sunt.
975 654 1087 686 Caesar
1117 656 1283 686 veteranis
1317 666 1390 686 eum
1424 657 1588 687 seditione

185 712 378 744 missionem
408 715 656 754 postulantibus
682 716 783 754 «ledit,
818 722 848 745 et
874 725 975 754 quum
1007 717 1038 746 in
1066 715 1216 747 Africam
1245 717 1437 755 traiecisset,
1473 725 1588 748 contra

185 775 298 814 copias
325 774 418 805 Iubae
445 777 531 816 regis
558 786 632 807 cum
659 777 851 807 discrimine
878 787 1000 815 magno
1027 777 1195 817 pugnavit.

721 867 782 898 EX
811 868 897 900 LIB.
928 868 1053 906 CXIV,

500 926 578 964 QUI
604 927 693 960 EST
717 930 854 961 BELLI
882 929 1056 962 CIVILIS
1083 929 1275 963 SEXTUS.

275 1000 408 1033 Bellum
442 1004 474 1045 in
502 1004 598 1044 Syria
628 1003 781 1036 Caecilius
807 1006 933 1038 Bassus
972 1016 1073 1048 eques
1106 1007 1278 1038 Romanus
1305 1006 1587 1047 Pompeianarum

181 1063 326 1103 partium
364 1065 540 1102 excitavit,
580 1067 694 1097 relicto
731 1078 750 1098 a
783 1068 913 1107 legione
952 1069 1028 1101 Scx.
1063 1067 1215 1105 Caesare‚
1262 1078 1336 1109 quae
1370 1069 1410 1099 ad
1445 1068 1585 1099 Bassum

182 1125 375 1162 transierat,
413 1128 591 1166 occisoque
626 1138 675 1158 eo.
736 1128 847 1159 Caesar
877 1129 1066 1170 Scipionem
1094 1137 1267 1170 praetorem
1295 1130 1480 1171 Iubamque
1511 1131 1587 1161 vicit

181 1186 223 1216 ad
252 1186 436 1228 Thapsum,
465 1189 582 1220 castris
607 1199 721 1220 eorum
751 1193 961 1230 expugnatis.
1011 1190 1095 1223 Cato
1121 1192 1237 1222 audita
1263 1202 1296 1222 re
1322 1201 1424 1231 quum
1451 1201 1484 1223 se
1512 1201 1586 1232 per-

183 1249 340 1279 cussisset
367 1248 473 1280 Utieae
499 1256 531 1280 et
556 1251 795 1281 interveniente
822 1252 890 1282 filio
917 1260 1097 1289 curaretur,
1133 1255 1217 1284 inter
1248 1255 1352 1294 ipsam
1380 1254 1585 1284 curationem

182 1309 323 1340 rescisso
349 1311 486 1342 vulnere
513 1313 693 1352 exspiravit
729 1323 817 1343 anno
843 1314 951 1344 aetatis
980 1314 1383 1355 duodequinquagesimo.
1432 1315 1586 1346 Petreius

180 1369 298 1401 Iubam
326 1382 428 1411 seque
455 1373 633 1405 interfecit.
681 1374 718 1404 P.
738 1374 850 1416 Scipio
879 1376 908 1404 in
936 1385 1018 1405 nare
1046 1376 1290 1406 circumventus
1318 1376 1465 1407 honestoe
1487 1376 1586 1406 morti

180 1441 294 1463 vocem
316 1433 474 1465 honestam
496 1436 629 1466 adiecit.
685 1434 920 1473 Quaerentibus
943 1438 1027 1467 enim
1051 1438 1284 1478 imperatorem
1305 1437 1457 1467 hostibus
1484 1437 1585 1467 dixit:

183 1492 391 1533 „Imperator
417 1505 451 1526 se
478 1496 562 1526 bene.
598 1497 731 1530 habet.⁷’
782 1498 929 1530 Faustus
965 1506 996 1529 et
1021 1499 1178 1529 Afranius
1205 1500 1322 1536 occisi3
1351 1498 1490 1530 Catonis
1516 1499 1585 1531 filio

180 1555 275 1584 venia
306 1556 394 1587 data.
456 1557 580 1590 Brutus
616 1559 746 1599 legatus
774 1557 917 1590 Caesaris
951 1561 984 1590 in
1013 1559 1125 1591 Gallia
1151 1560 1354 1592 Bellovacos
1386 1561 1584 1593 rebellantes

179 1616 298 1657 proelio
323 1618 411 1649 vicit.

722 1694 784 1726 Ex
812 1696 899 1727 Ltss.
932 1696 1038 1733 CXV,

467 1755 547 1794 QUI
574 1756 659 1788 EST
689 1757 860 1789 CIVILlS
888 1757 1025 1801 BELLI
1051 1756 1293 1789 SEPTIMUS.

269 1829 382 1862 Caesar
404 1838 561 1872 quattuor
588 1832 775 1873 triumphos
803 1835 912 1871 duxit,
937 1845 979 1864 ex
1007 1833 1131 1871 Gallia,
1158 1823 1199 1865 ex
1225 1835 1388 1875 AEgypm,
1415 1843 1457 1864 ex
1473 1833 1583 1864 Ponto

179 1897 211 1922 et
237 1891 372 1932 Afriea3
405 1894 541 1934 epulum
575 1900 608 1924 et
645 1896 754 1925 omnis
791 1897 921 1935 generis
954 1897 1146 1936 spectacula
1185 1897 1287 1928 dedit.
1347 1897 1392 1927 M.
1421 1895 1584 1927 Marcello

180 1955 345 1985 consulari
373 1964 492 1987 senatu
528 1957 666 1995 rogante
701 1957 844 1987 reditum
880 1958 1060 1994 cont-essin
1099 1967 1164 1998 quo
1199 1958 1362 1989 beneficio
1395 1959 1465 1989 eius
1494 1957 1584 1988 Mar-

180 2015 282 2046 cellus
322 2016 385 2047 frui
424 2028 490 2048 non
532 2019 656 2058 potuit,
700 2029 718 2048 a
754 2017 815 2050 Cn.
851 2018 967 2059 Magio
1010 2019 1130 2049 cliente
1169 2029 1228 2050 suo
1258 2020 1402 2051 Athenis
1441 2021 1583 2051 occisus.

178 2077 366 2108 Recensum
395 2080 479 2118 egit,
519 2090 585 2120 quo
618 2090 720 2110 censa
751 2086 829 2111 sunt
860 2081 981 2111 civium
1009 2081 1119 2121 capita
1146 2071 1214 2112 CT.
1272 2081 1514 2122 Profectusquc
1550 2081 1585 2112 in

179 2139 377 2180 Hispaniam
415 2142 576 2172 adversus
609 2140 672 2172 Cn.
707 2141 925 2182 Pompeium,
971 2141 1084 2171 multis
1121 2142 1274 2181 utrinque
1313 2143 1583 2183 expeditionibus

179 2199 276 2232 sactis
311 2210 344 2232 et
378 2202 507 2242 aliquot
534 2203 670 2233 urbibus
703 2203 922 2244 expugnatis,
961 2212 1126 2233 summam
1159 2202 1329 2234 victoriam
1359 2214 1432 2235 cum
1460 2215 1584 2245 magno

179 2262 369 2294 discrimine
394 2265 435 2295 ad
459 2264 622 2297 Mundam
650 2265 765 2295 urbem
794 2272 993 2295 consecutus
1020 2270 1081 2294 est.
1139 2263 1320 2304 Pompeius
1351 2264 1429 2296 Sex.
1454 2264 1582 2306 effugit.

718 2356 780 2387 EX
808 2356 893 2387 LIB.
922 2355 1049 2392 CXVI,

475 2415 553 2454 QUI
579 2416 668 2449 EST
695 2416 867 2449 CIVILIS
896 2417 1031 2448 BELLI
1060 2416 1292 2449 OCTAVUS.

275 2490 389 2522 Caesar
422 2502 462 2522 ex
489 2493 653 2534 Hispania
687 2494 838 2534 quintum
877 2495 1080 2536 triumphum
1119 2494 1203 2534 egit3
1242 2499 1275 2524 et
1308 2502 1410 2533 quum
1448 2493 1584 2533 plurimi

178 2553 380 2594 maximique
417 2553 559 2584 honores
594 2565 614 2584 a
647 2562 765 2585 senatu
802 2557 926 2586 decreti
962 2561 1090 2591 essent,
1134 2554 1220 2584 inter
1254 2564 1354 2593 quos,
1394 2559 1430 2585 ut
1462 2563 1584 2595 parens

177 2615 294 2655 patriae
332 2615 558 2656 appellaretur
591 2622 624 2646 et
662 2625 893 2649 sacrosanctus
933 2627 971 2647 ac
1005 2617 1148 2647 dictator
1185 2616 1219 2645 in
1252 2623 1450 2656 perpetuum
1485 2621 1582 2655 esset,

177 2676 310 2707 invidiae
342 2678 505 2709 adversus
530 2688 606 2709 eum
633 2689 768 2710 eausam
801 2679 1004 2720 praestitere,
1039 2678 1128 2718 quod
1160 2678 1293 2710 senatui
1327 2676 1490 2709 deserenti
1522 2678 1583 2710 hos
