1753 2934
192 366 234 401 13

192 508 200 540 1

188 647 232 680 15

188 860 231 893 16

186 1629 197 1661 1

154 1833 208 1878 24

212 507 230 539 -1

209 1627 230 1661 9

211 1982 231 2015 [0

320 105 396 141 238
662 103 764 134 Liber
787 101 895 133 XLV.
964 102 1027 142 (A.
1053 111 1085 132 u.
1113 111 1140 133 c.
1169 102 1267 142 587.)

266 237 374 272 quem
406 225 458 260 sic
487 224 653 260 locutum
691 231 858 269 constat,
898 232 1092 272 tamquam
1131 224 1174 261 C.
1205 225 1378 273 Popilius
1406 224 1552 273 legatus
1584 227 1662 263 Ro-

264 306 420 337 manuS,
458 306 568 340 quem
608 294 656 330 ad
695 295 990 332 summovendos
1023 307 1046 330 a
1074 294 1173 331 bello
1203 294 1435 330 Antiochum
1469 301 1504 330 et
1533 295 1661 331 Ptole-

264 375 397 398 maeum
431 375 539 411 reges
570 363 734 409 misistis5
764 365 993 413 loqueretur.
1039 364 1116 402 Sed
1136 371 1263 400 tamen
1289 377 1346 409 ea,
1377 365 1456 400 sive
1484 365 1663 413 superbia

264 432 344 467 sive
374 429 534 468 stultitia
563 434 791 481 appellanda
821 442 894 476 est„
938 435 1090 473 eadem,
1131 447 1214 482 quae
1247 442 1339 483 aput
1369 447 1461 479 vos,
1505 441 1542 471 et
1571 442 1663 484 aput

266 502 408 537 Persea
438 502 519 538 suit.
564 504 662 540 Tam
695 505 900 540 eivitatium
920 517 1033 552 quam
1058 505 1291 553 singulorum
1313 506 1506 542 hominum
1538 518 1662 542 mores

265 578 372 610 sunt:
415 579 546 620 gentes
587 586 738 621 quoque
773 575 855 610 aliae
892 574 1100 612 iracundae.
1147 575 1229 611 aliae
1260 575 1443 613 audaces.
1488 576 1660 624 quaedam

265 641 429 680 timidae.
475 642 511 678 in
542 643 690 681 vinum,
734 645 771 680 in
803 645 991 680 Venerem
1023 645 1220 692 proniores
1251 645 1334 681 aliae
1365 652 1461 680 sunt.
1537 646 1662 682 Athe-

263 711 446 747 niensium
480 713 662 760 populum
698 714 803 750 fama
841 721 910 750 est⁴
931 714 1087 751 celerem
1130 722 1164 750 et
1206 727 1322 763 supra
1351 715 1450 751 vires
1478 715 1660 752 audacem

263 792 344 816 esse
375 782 424 817 ad
455 782 680 820 conandum.
726 784 1102 821 Lacedaemoniorum
1143 792 1401 821 cunctatorem
1447 791 1483 821 et
1521 786 1585 821 vix
1624 786 1661 822 in

263 863 320 895 ea,
351 852 488 899 quibus
520 853 613 897 fidit,
642 853 924 902 ingredientem.
983 856 1072 892 Non
1102 855 1333 903 negaverim,
1364 861 1401 891 et
1421 861 1539 891 totam
1557 856 1661 892 Asiae

262 921 454 969 regionem
499 922 672 959 inaniora
717 937 850 972 parere
889 925 1041 974 ingenia
1090 932 1126 961 et
1169 932 1383 961 nostrorum
1422 924 1660 961 tumidiorem

263 1002 473 1028 sermonem
506 1005 600 1036 esse,
628 994 729 1041 quod
748 995 930 1031 excellere
955 996 1052 1031 inter
1068 995 1245 1031 finitimas
1263 995 1435 1032 civitates
1452 994 1661 1039 videamur,

263 1067 299 1097 et
327 1062 364 1097 id
395 1063 517 1111 ipsum
547 1076 622 1099 non
652 1070 729 1099 tam
760 1065 903 1102 viribus
932 1066 1071 1101 nostris
1103 1078 1216 1113 quam
1243 1064 1378 1100 vestris
1394 1065 1600 1101 honoribus
1617 1077 1662 1101 ac

263 1132 422 1169 iudiciis.
489 1133 591 1170 Satis
623 1134 773 1182 quidem
808 1142 844 1171 et
881 1141 969 1172 tunc
999 1136 1036 1171 in
1067 1135 1269 1183 praesentia
1299 1135 1487 1183 castigata
1515 1135 1581 1171 illa
1608 1134 1661 1170 le-

261 1203 366 1250 gatio
397 1210 497 1242 erat.
537 1215 621 1240 cum
664 1212 740 1239 tam
773 1205 869 1240 tristi
901 1217 1084 1253 responso
1115 1211 1241 1241 vestro
1274 1204 1440 1241 dimissa.
1511 1205 1551 1243 Si
1581 1210 1660 1240 tum

261 1284 397 1320 parum
428 1273 643 1321 ignominiae
671 1286 828 1322 pensum
869 1280 946 1315 est,
991 1275 1070 1311 haec
1109 1282 1208 1311 certe
1245 1281 1320 1310 tam
1362 1274 1586 1310 miserabilis
1617 1286 1661 1311 ac

262 1342 423 1390 supplex
454 1343 594 1391 legatio
626 1344 738 1380 etiam
769 1344 1043 1389 insolentioris,
1084 1357 1197 1392 quam
1240 1344 1305 1380 illa
1334 1344 1425 1388 fuit,
1460 1344 1661 1393 legationis

261 1412 354 1448 satis
389 1425 567 1461 magnum
598 1415 788 1463 piaculum
827 1421 936 1451 esset.
1021 1407 1273 1463 Superbiam,
1317 1414 1518 1450 verborum
1563 1426 1659 1462 prae-

259 1482 400 1527 sertim,
445 1483 617 1520 iracundi
648 1485 820 1529 oderunt,
864 1484 1068 1532 prudentes
1102 1485 1286 1527 inrident,
1331 1484 1461 1532 utique
1497 1484 1529 1520 si
1564 1483 1659 1520 infe-

259 1551 369 1587 rioris
402 1552 584 1589 adversus
615 1554 846 1602 superiorem
885 1560 958 1598 est;
1004 1555 1156 1604 capitali
1186 1568 1299 1603 poena
1337 1566 1449 1591 nemo
1479 1566 1659 1601 umquam

262 1622 415 1670 dignam
446 1623 640 1660 iudicavit.
706 1625 751 1660 Id
783 1624 975 1661 enimvero
1005 1626 1211 1674 periculum
1247 1631 1350 1670 erat,
1389 1637 1435 1661 ne
1464 1625 1661 1661 Romanos

261 1692 402 1729 Rhodii
433 1700 725 1732 contemnerent..
790 1695 917 1731 Etiam
948 1695 1038 1731 deos
1083 1695 1197 1743 aliqui
1242 1695 1368 1731 verbis
1411 1694 1692 1730 ferocioribus'

262 1762 481 1811 increpant,
533 1778 602 1801 nec
647 1767 695 1801 ob
739 1766 777 1801 id
822 1777 1049 1813 quemquam
1102 1765 1258 1801 fulmine
1309 1765 1423 1802 ictum
1474 1764 1659 1800 audimus.

266 1832 366 1879 Quid
418 1833 533 1881 igitur
585 1841 761 1883 superat,
817 1835 919 1883 quod
963 1847 1189 1883 purgemus,
1227 1835 1258 1871 si
1299 1847 1369 1871 nec
1407 1834 1548 1870 factum
1592 1834 1662 1870 ho-

263 1902 348 1938 stile
375 1903 491 1939 ullum
524 1910 694 1941 nostrum
727 1911 794 1949 est,
825 1912 857 1941 et
886 1901 1006 1942 ve'rba
1035 1905 1239 1942 tumidiora
1267 1905 1383 1953 legati
1414 1903 1661 1941 offensionem

265 1973 435 2018 aurium,
473 1986 549 2010 non
586 1975 789 2023 perniciem
820 1976 984 2012 ciVitatis
1014 1975 1257 2026 meruerunt?
1328 1974 1548 2012 Voluntatis
1595 1986 1662 2010 no·

264 2050 351 2079 strae
382 2044 508 2080 tacitae
537 2045 641 2081 velut
669 2046 772 2082 lit-em
809 2046 986 2083 aestimari
1031 2047 1165 2083 vestris
1203 2047 1300 2082 inter
1329 2058 1398 2082 vos
1427 2043 1664 2081 sermonibus

267 2246 319 2279 1⁶2.
350 2251 359 2277 1
394 2248 482 2287 quod
509 2248 556 2279 sic
579 2248 584 2287 1
606 2248 887 2289 romanosquc²ad
949 2253 967 2280 2
995 2249 1191 2281 anthiocum
1213 2249 1218 2288 Ι
1239 2249 1441 2290 ptolemeum
1501 2250 1520 2277 3
1547 2246 1663 2281 misisti

267 2314 322 2352 14,
353 2319 365 2346 1
395 2304 571 2348 euitatium
595 2318 600 2356 Ι
622 2317 775 2349 homines
801 2328 931 2350 morum
987 2321 1006 2348 3
1033 2318 1242 2359 propiniorcs
1291 2316 1345 2354 15,
1375 2316 1664 2347 3lacaedemonio-

268 2394 339 2415 rum
413 2385 467 2418 16.
510 2389 528 2416 2
568 2386 657 2417 Fort.
697 2388 854 2418 vaniora.-
872 2387 943 2418 Em.
982 2386 1055 2418 602
1089 2388 1093 2427 Ι
1128 2396 1244 2427 parare
1279 2388 1284 2425 Ι
1313 2386 1574 2425 ῖΠῐῐιιῐιιὶἀὶοι-οιῐι
1645 2388 1664 2415 4

268 2451 367 2482 quam
399 2444 453 2473 uel
492 2444 608 2475 uestris
666 2444 756 2481 17,3
791 2445 906 2485 pcnsui
936 2449 987 2475 est
1019 2445 1090 2475 haec
1124 2451 1290 2476 certamen
1337 2448 1355 2474 4
1375 2444 1492 2484 suplex
1540 2446 1558 2473 5
1585 2443 1666 2474 satis

268 2499 333 2531 suit
356 2510 517 2540 magnum
577 2501 631 2540 18,
660 2505 678 2532 2
706 2503 890 2533 inriderent
917 2502 1021 2533 Curio.
1085 2506 1105 2532 4
1135 2502 1274 2541 dignum
1300 2501 1502 2532 iudicabitur
1558 2500 1619 2538 19,
1646 2504 1665 2531 2

268 2569 353 2599 rodii
379 2575 652 2611 contempnet-ent
700 2575 718 2602 3
746 2572 920 2613 increpat!
943 2582 983 2602 ne
1010 2581 1049 2602 eo
1075 2561 1092 2602 e
1118 2572 1151 2602 id
1213 2571 1345 2609 XXIV,
1382 2570 1413 2607 1,
1444 2573 1456 2601 l
1485 2579 1668 2610 purgamus

275 2626 370 2658 Gron.
425 2631 443 2657 2
470 2635 519 2659 cst
543 2629 645 2659 uerba
667 2630 672 2668 Ι
695 2628 876 2661 offensione
923 2629 956 2666 2,
982 2633 1001 2660 2
1028 2630 1127 2661 tacite
1153 2628 1255 2660 Periz.
