<?xml version="1.0" encoding="UTF-8"?>
<!DOCTYPE html PUBLIC "-//W3C//DTD XHTML 1.0 Transitional//EN"
    "http://www.w3.org/TR/xhtml1/DTD/xhtml1-transitional.dtd">
<html xmlns="http://www.w3.org/1999/xhtml" xml:lang="en" lang="en">
 <head>
  <title>
</title>
<meta http-equiv="Content-Type" content="text/html;charset=utf-8" />
  <meta name='ocr-system' content='tesseract 3.04.00' />
  <meta name='ocr-capabilities' content='ocr_page ocr_carea ocr_par ocr_line ocrx_word'/>
</head>
<body>
  <div class='ocr_page' id='page_1' title='image "./p1historiarumrom04livyuoft_0289.png"; bbox 0 0 1753 2934; ppageno 0'>
   <div class='ocr_carea' id='block_1_1' title="bbox 511 120 1449 155">
    <p class='ocr_par' dir='ltr' id='par_1_1' title="bbox 511 120 1449 155">
     <span class='ocr_line' id='line_1_1' title="bbox 511 120 1449 155; baseline 0.004 -6"><span class='ocrx_word' id='word_1_1' title='bbox 511 120 608 150; x_wconf 69' lang='lat' dir='ltr'><strong>Liber</strong></span> <span class='ocrx_word' id='word_1_2' title='bbox 634 120 742 151; x_wconf 75' lang='lat' dir='ltr'><strong>XLV.</strong></span> <span class='ocrx_word' id='word_1_3' title='bbox 809 121 865 153; x_wconf 65' lang='lat' dir='ltr'><strong>(A.</strong></span> <span class='ocrx_word' id='word_1_4' title='bbox 895 120 973 150; x_wconf 72' lang='lat' dir='ltr'><strong>chr.</strong></span> <span class='ocrx_word' id='word_1_5' title='bbox 1007 123 1095 155; x_wconf 79' lang='lat'>107.)</span> <span class='ocrx_word' id='word_1_6' title='bbox 1373 121 1449 155; x_wconf 79' lang='lat'><strong>255</strong></span> 
     </span>
    </p>
   </div>
   <div class='ocr_carea' id='block_1_2' title="bbox 91 241 1512 1757">
    <p class='ocr_par' dir='ltr' id='par_1_2' title="bbox 94 241 1510 778">
     <span class='ocr_line' id='line_1_2' title="bbox 98 241 1510 289; baseline -0.002 -10"><span class='ocrx_word' id='word_1_7' title='bbox 98 243 256 279; x_wconf 88' lang='lat' dir='ltr'><strong>militum</strong></span> <span class='ocrx_word' id='word_1_8' title='bbox 290 242 438 286; x_wconf 76' lang='lat' dir='ltr'><strong>animis,</strong></span> <span class='ocrx_word' id='word_1_9' title='bbox 470 241 547 289; x_wconf 77' lang='lat' dir='ltr'><strong>qui,</strong></span> <span class='ocrx_word' id='word_1_10' title='bbox 575 247 770 288; x_wconf 86' lang='lat' dir='ltr'><strong>tamquam</strong></span> <span class='ocrx_word' id='word_1_11' title='bbox 803 241 945 277; x_wconf 90' lang='lat' dir='ltr'><strong>nullum</strong></span> <span class='ocrx_word' id='word_1_12' title='bbox 978 242 1015 277; x_wconf 93' lang='lat' dir='ltr'><strong>in</strong></span> <span class='ocrx_word' id='word_1_13' title='bbox 1047 241 1276 278; x_wconf 79' lang='lat' dir='ltr'><strong>Macedonia</strong></span> <span class='ocrx_word' id='word_1_14' title='bbox 1304 241 1510 288; x_wconf 78' lang='lat' dir='ltr'>gessissent</span> 
     </span>
     <span class='ocr_line' id='line_1_3' title="bbox 98 310 1508 360; baseline -0.001 -13"><span class='ocrx_word' id='word_1_15' title='bbox 98 312 258 356; x_wconf 74' lang='lat' dir='ltr'><strong>bellum,</strong></span> <span class='ocrx_word' id='word_1_16' title='bbox 303 319 477 360; x_wconf 85' lang='lat' dir='ltr'><strong>expertes</strong></span> <span class='ocrx_word' id='word_1_17' title='bbox 515 311 629 358; x_wconf 83' lang='lat' dir='ltr'><strong>regiae</strong></span> <span class='ocrx_word' id='word_1_18' title='bbox 670 311 807 358; x_wconf 82' lang='lat' dir='ltr'><strong>praedae</strong></span> <span class='ocrx_word' id='word_1_19' title='bbox 845 323 882 346; x_wconf 78' lang='lat' dir='ltr'><strong>se</strong></span> <span class='ocrx_word' id='word_1_20' title='bbox 912 323 994 346; x_wconf 86' lang='lat' dir='ltr'><strong>esse</strong></span> <span class='ocrx_word' id='word_1_21' title='bbox 1032 312 1339 359; x_wconf 74' lang='lat' dir='ltr'><strong>indignabantur.</strong></span> <span class='ocrx_word' id='word_1_22' title='bbox 1404 310 1508 347; x_wconf 80' lang='lat' dir='ltr'>Orici</span> 
     </span>
     <span class='ocr_line' id='line_1_4' title="bbox 98 380 1508 428; baseline -0.001 -11"><span class='ocrx_word' id='word_1_23' title='bbox 98 394 181 418; x_wconf 91' lang='lat' dir='ltr'><strong>cum</strong></span> <span class='ocrx_word' id='word_1_24' title='bbox 216 383 350 418; x_wconf 82' lang='lat' dir='ltr'><strong>missas</strong></span> <span class='ocrx_word' id='word_1_25' title='bbox 393 393 476 417; x_wconf 87' lang='lat' dir='ltr'><strong>cum</strong></span> <span class='ocrx_word' id='word_1_26' title='bbox 510 380 689 428; x_wconf 75' lang='lat' dir='ltr'><strong>Scipione</strong></span> <span class='ocrx_word' id='word_1_27' title='bbox 718 380 862 416; x_wconf 79' lang='lat' dir='ltr'><strong>Nasica</strong></span> <span class='ocrx_word' id='word_1_28' title='bbox 894 380 1146 428; x_wconf 79' lang='lat' dir='ltr'><strong>Maximoque</strong></span> <span class='ocrx_word' id='word_1_29' title='bbox 1184 381 1261 416; x_wconf 86' lang='lat' dir='ltr'><strong>filio</strong></span> <span class='ocrx_word' id='word_1_30' title='bbox 1293 381 1423 428; x_wconf 88' lang='lat' dir='ltr'><strong>copias</strong></span> <span class='ocrx_word' id='word_1_31' title='bbox 1453 381 1508 416; x_wconf 93' lang='lat' dir='ltr'><strong>in-</strong></span> 
     </span>
     <span class='ocr_line' id='line_1_5' title="bbox 97 450 1510 498; baseline -0.002 -9"><span class='ocrx_word' id='word_1_32' title='bbox 97 453 281 496; x_wconf 73' lang='lat' dir='ltr'><strong>venisset,</strong></span> <span class='ocrx_word' id='word_1_33' title='bbox 328 451 495 487; x_wconf 85' lang='lat' dir='ltr'><strong>exercitu</strong></span> <span class='ocrx_word' id='word_1_34' title='bbox 532 450 567 485; x_wconf 92' lang='lat' dir='ltr'><strong>in</strong></span> <span class='ocrx_word' id='word_1_35' title='bbox 599 461 716 485; x_wconf 85' lang='lat' dir='ltr'><strong>naves</strong></span> <span class='ocrx_word' id='word_1_36' title='bbox 748 450 936 498; x_wconf 70' lang='lat' dir='ltr'><strong>inposito,</strong></span> <span class='ocrx_word' id='word_1_37' title='bbox 979 450 1015 485; x_wconf 93' lang='lat' dir='ltr'><strong>in</strong></span> <span class='ocrx_word' id='word_1_38' title='bbox 1050 450 1202 486; x_wconf 85' lang='lat' dir='ltr'><strong>Italiam</strong></span> <span class='ocrx_word' id='word_1_39' title='bbox 1240 450 1400 486; x_wconf 88' lang='lat' dir='ltr'><strong>traiecit.</strong></span> <span class='ocrx_word' id='word_1_40' title='bbox 1461 450 1510 486; x_wconf 81' lang='lat' dir='ltr'><strong>Et</strong></span> 
     </span>
     <span class='ocr_line' id='line_1_6' title="bbox 96 519 1509 571; baseline -0.001 -13"><span class='ocrx_word' id='word_1_41' title='bbox 96 530 184 571; x_wconf 85' lang='lat' dir='ltr'><strong>post</strong></span> <span class='ocrx_word' id='word_1_42' title='bbox 223 533 365 570; x_wconf 84' lang='lat' dir='ltr'><strong>paucos</strong></span> <span class='ocrx_word' id='word_1_43' title='bbox 405 520 484 556; x_wconf 86' lang='lat' dir='ltr'><strong>dies</strong></span> <span class='ocrx_word' id='word_1_44' title='bbox 523 519 703 564; x_wconf 78' lang='lat' dir='ltr'><strong>Anicius,</strong></span> <span class='ocrx_word' id='word_1_45' title='bbox 751 526 938 555; x_wconf 88' lang='lat' dir='ltr'><strong>conventu</strong></span> <span class='ocrx_word' id='word_1_46' title='bbox 983 520 1215 567; x_wconf 85' lang='lat' dir='ltr'><strong>reliquorum</strong></span> <span class='ocrx_word' id='word_1_47' title='bbox 1261 521 1509 568; x_wconf 79' lang='lat' dir='ltr'><strong>Epirotarum</strong></span> 
     </span>
     <span class='ocr_line' id='line_1_7' title="bbox 94 589 1509 638; baseline -0.002 -10"><span class='ocrx_word' id='word_1_48' title='bbox 94 592 422 638; x_wconf 79' lang='lat' dir='ltr'><strong>Acarnanumque</strong></span> <span class='ocrx_word' id='word_1_49' title='bbox 440 597 537 634; x_wconf 81' lang='lat' dir='ltr'><strong>acto,</strong></span> <span class='ocrx_word' id='word_1_50' title='bbox 569 589 755 637; x_wconf 84' lang='lat' dir='ltr'><strong>iussisque</strong></span> <span class='ocrx_word' id='word_1_51' title='bbox 772 590 808 625; x_wconf 91' lang='lat' dir='ltr'><strong>in</strong></span> <span class='ocrx_word' id='word_1_52' title='bbox 827 590 979 626; x_wconf 85' lang='lat' dir='ltr'><strong>Italiam</strong></span> <span class='ocrx_word' id='word_1_53' title='bbox 1008 590 1115 637; x_wconf 85' lang='lat' dir='ltr'><strong>sequi</strong></span> <span class='ocrx_word' id='word_1_54' title='bbox 1142 590 1388 638; x_wconf 68' lang='lat' dir='ltr'><strong>principibus,</strong></span> <span class='ocrx_word' id='word_1_55' title='bbox 1415 602 1509 637; x_wconf 85' lang='lat' dir='ltr'><strong>quo-</strong></span> 
     </span>
     <span class='ocr_line' id='line_1_8' title="bbox 96 660 1510 709; baseline -0.001 -12"><span class='ocrx_word' id='word_1_56' title='bbox 96 674 177 697; x_wconf 89' lang='lat' dir='ltr'><strong>rum</strong></span> <span class='ocrx_word' id='word_1_57' title='bbox 203 661 457 709; x_wconf 85' lang='lat' dir='ltr'><strong>cognitionem</strong></span> <span class='ocrx_word' id='word_1_58' title='bbox 476 672 600 696; x_wconf 84' lang='lat' dir='ltr'><strong>causae</strong></span> <span class='ocrx_word' id='word_1_59' title='bbox 616 661 758 695; x_wconf 68' lang='lat' dir='ltr'><strong>senatui</strong></span> <span class='ocrx_word' id='word_1_60' title='bbox 778 667 1007 704; x_wconf 76' lang='lat' dir='ltr'><strong>reservarat,</strong></span> <span class='ocrx_word' id='word_1_61' title='bbox 1025 667 1060 696; x_wconf 91' lang='lat' dir='ltr'><strong>et</strong></span> <span class='ocrx_word' id='word_1_62' title='bbox 1078 660 1170 708; x_wconf 80' lang='lat' dir='ltr'><strong>ipse,</strong></span> <span class='ocrx_word' id='word_1_63' title='bbox 1187 661 1351 696; x_wconf 82' lang='lat' dir='ltr'><strong>navibus</strong></span> <span class='ocrx_word' id='word_1_64' title='bbox 1369 672 1510 707; x_wconf 83' lang='lat' dir='ltr'><strong>expec-</strong></span> 
     </span>
     <span class='ocr_line' id='line_1_9' title="bbox 97 729 1510 778; baseline 0 -12"><span class='ocrx_word' id='word_1_65' title='bbox 97 731 198 776; x_wconf 76' lang='lat' dir='ltr'><strong>tatis,</strong></span> <span class='ocrx_word' id='word_1_66' title='bbox 226 731 362 778; x_wconf 84' lang='lat' dir='ltr'><strong>quibus</strong></span> <span class='ocrx_word' id='word_1_67' title='bbox 387 742 477 765; x_wconf 81' lang='lat' dir='ltr'><strong>usus</strong></span> <span class='ocrx_word' id='word_1_68' title='bbox 494 730 766 766; x_wconf 83' lang='lat' dir='ltr'><strong>Macedonicus</strong></span> <span class='ocrx_word' id='word_1_69' title='bbox 791 729 980 765; x_wconf 86' lang='lat' dir='ltr'><strong>exercitus</strong></span> <span class='ocrx_word' id='word_1_70' title='bbox 1006 738 1099 774; x_wconf 73' lang='lat' dir='ltr'><strong>erat,</strong></span> <span class='ocrx_word' id='word_1_71' title='bbox 1124 730 1160 765; x_wconf 92' lang='lat' dir='ltr'><strong>in</strong></span> <span class='ocrx_word' id='word_1_72' title='bbox 1180 730 1331 766; x_wconf 85' lang='lat' dir='ltr'><strong>Italiam</strong></span> <span class='ocrx_word' id='word_1_73' title='bbox 1350 730 1510 766; x_wconf 83' lang='lat' dir='ltr'><strong>traiecit.</strong></span> 
     </span>
    </p>

    <p class='ocr_par' dir='ltr' id='par_1_3' title="bbox 91 799 1512 1757">
     <span class='ocr_line' id='line_1_10' title="bbox 208 799 1510 848; baseline -0.001 -12"><span class='ocrx_word' id='word_1_74' title='bbox 208 799 303 837; x_wconf 88' lang='lat' dir='ltr'><strong>Cum</strong></span> <span class='ocrx_word' id='word_1_75' title='bbox 352 801 432 836; x_wconf 77' lang='lat' dir='ltr'><strong>haec</strong></span> <span class='ocrx_word' id='word_1_76' title='bbox 478 800 513 835; x_wconf 93' lang='lat' dir='ltr'><strong>in</strong></span> <span class='ocrx_word' id='word_1_77' title='bbox 560 799 790 835; x_wconf 86' lang='lat' dir='ltr'><strong>Macedonia</strong></span> <span class='ocrx_word' id='word_1_78' title='bbox 835 800 1032 848; x_wconf 89' lang='lat' dir='ltr'><strong>Epiroque</strong></span> <span class='ocrx_word' id='word_1_79' title='bbox 1075 806 1185 847; x_wconf 83' lang='lat' dir='ltr'><strong>gesta</strong></span> <span class='ocrx_word' id='word_1_80' title='bbox 1229 807 1335 844; x_wconf 74' lang='lat' dir='ltr'><strong>sunt,</strong></span> <span class='ocrx_word' id='word_1_81' title='bbox 1381 799 1510 848; x_wconf 79' lang='lat' dir='ltr'><strong>legati,</strong></span> 
     </span>
     <span class='ocr_line' id='line_1_11' title="bbox 97 869 1509 918; baseline 0 -12"><span class='ocrx_word' id='word_1_82' title='bbox 97 871 160 918; x_wconf 88' lang='lat' dir='ltr'><strong>qui</strong></span> <span class='ocrx_word' id='word_1_83' title='bbox 197 882 281 906; x_wconf 88' lang='lat' dir='ltr'><strong>cum</strong></span> <span class='ocrx_word' id='word_1_84' title='bbox 313 870 448 906; x_wconf 90' lang='lat' dir='ltr'><strong>Attalo</strong></span> <span class='ocrx_word' id='word_1_85' title='bbox 491 870 539 905; x_wconf 83' lang='lat' dir='ltr'><strong>ad</strong></span> <span class='ocrx_word' id='word_1_86' title='bbox 578 869 783 905; x_wconf 84' lang='lat' dir='ltr'><strong>finiendum</strong></span> <span class='ocrx_word' id='word_1_87' title='bbox 822 870 962 905; x_wconf 90' lang='lat' dir='ltr'><strong>bellum</strong></span> <span class='ocrx_word' id='word_1_88' title='bbox 1000 869 1097 905; x_wconf 89' lang='lat' dir='ltr'><strong>inter</strong></span> <span class='ocrx_word' id='word_1_89' title='bbox 1134 869 1272 906; x_wconf 84' lang='lat' dir='ltr'><strong>Gallos</strong></span> <span class='ocrx_word' id='word_1_90' title='bbox 1310 877 1345 907; x_wconf 92' lang='lat' dir='ltr'><strong>et</strong></span> <span class='ocrx_word' id='word_1_91' title='bbox 1382 882 1509 918; x_wconf 84' lang='lat' dir='ltr'><strong>regem</strong></span> 
     </span>
     <span class='ocr_line' id='line_1_12' title="bbox 95 939 1512 988; baseline -0.002 -10"><span class='ocrx_word' id='word_1_92' title='bbox 95 941 305 978; x_wconf 85' lang='lat' dir='ltr'><strong>Eumenem</strong></span> <span class='ocrx_word' id='word_1_93' title='bbox 345 940 449 976; x_wconf 90' lang='lat' dir='ltr'><strong>missi</strong></span> <span class='ocrx_word' id='word_1_94' title='bbox 489 945 616 983; x_wconf 79' lang='lat' dir='ltr'><strong>erant,</strong></span> <span class='ocrx_word' id='word_1_95' title='bbox 657 939 694 975; x_wconf 89' lang='lat' dir='ltr'><strong>in</strong></span> <span class='ocrx_word' id='word_1_96' title='bbox 734 939 870 975; x_wconf 73' lang='lat' dir='ltr'><strong>Asiam</strong></span> <span class='ocrx_word' id='word_1_97' title='bbox 913 946 1178 988; x_wconf 84' lang='lat' dir='ltr'><strong>pervenerunt.</strong></span> <span class='ocrx_word' id='word_1_98' title='bbox 1242 940 1405 975; x_wconf 84' lang='lat' dir='ltr'><strong>Indutiis</strong></span> <span class='ocrx_word' id='word_1_99' title='bbox 1443 951 1512 987; x_wconf 89' lang='lat' dir='ltr'><strong>per</strong></span> 
     </span>
     <span class='ocr_line' id='line_1_13' title="bbox 94 1009 1511 1055; baseline -0.001 -8"><span class='ocrx_word' id='word_1_100' title='bbox 94 1011 256 1047; x_wconf 88' lang='lat' dir='ltr'><strong>hiemem</strong></span> <span class='ocrx_word' id='word_1_101' title='bbox 298 1010 429 1055; x_wconf 68' lang='lat' dir='ltr'><strong>factis,</strong></span> <span class='ocrx_word' id='word_1_102' title='bbox 471 1016 506 1046; x_wconf 86' lang='lat' dir='ltr'><strong>et</strong></span> <span class='ocrx_word' id='word_1_103' title='bbox 550 1009 655 1046; x_wconf 85' lang='lat' dir='ltr'><strong>Galli</strong></span> <span class='ocrx_word' id='word_1_104' title='bbox 697 1009 832 1045; x_wconf 87' lang='lat' dir='ltr'><strong>domos</strong></span> <span class='ocrx_word' id='word_1_105' title='bbox 875 1009 1049 1045; x_wconf 86' lang='lat' dir='ltr'><strong>abierant</strong></span> <span class='ocrx_word' id='word_1_106' title='bbox 1087 1016 1123 1045; x_wconf 84' lang='lat' dir='ltr'><strong>et</strong></span> <span class='ocrx_word' id='word_1_107' title='bbox 1158 1022 1226 1045; x_wconf 86' lang='lat' dir='ltr'><strong>rex</strong></span> <span class='ocrx_word' id='word_1_108' title='bbox 1269 1009 1306 1045; x_wconf 92' lang='lat' dir='ltr'><strong>in</strong></span> <span class='ocrx_word' id='word_1_109' title='bbox 1352 1009 1511 1045; x_wconf 84' lang='lat' dir='ltr'><strong>hiberna</strong></span> 
     </span>
     <span class='ocr_line' id='line_1_14' title="bbox 95 1077 1511 1128; baseline -0.001 -12"><span class='ocrx_word' id='word_1_110' title='bbox 95 1087 335 1117; x_wconf 85' lang='lat' dir='ltr'><strong>concesserat</strong></span> <span class='ocrx_word' id='word_1_111' title='bbox 358 1082 589 1128; x_wconf 86' lang='lat' dir='ltr'><strong>Pergamum</strong></span> <span class='ocrx_word' id='word_1_112' title='bbox 620 1079 808 1127; x_wconf 84' lang='lat' dir='ltr'><strong>gravique</strong></span> <span class='ocrx_word' id='word_1_113' title='bbox 830 1080 964 1115; x_wconf 91' lang='lat' dir='ltr'><strong>morbo</strong></span> <span class='ocrx_word' id='word_1_114' title='bbox 996 1091 1096 1127; x_wconf 84' lang='lat' dir='ltr'><strong>aeger</strong></span> <span class='ocrx_word' id='word_1_115' title='bbox 1125 1078 1262 1115; x_wconf 86' lang='lat' dir='ltr'><strong>fuerat.</strong></span> <span class='ocrx_word' id='word_1_116' title='bbox 1324 1078 1404 1114; x_wconf 87' lang='lat' dir='ltr'><strong>Ver</strong></span> <span class='ocrx_word' id='word_1_117' title='bbox 1434 1077 1511 1126; x_wconf 87' lang='lat' dir='ltr'><strong>pri-</strong></span> 
     </span>
     <span class='ocr_line' id='line_1_15' title="bbox 95 1146 1508 1198; baseline -0.002 -12"><span class='ocrx_word' id='word_1_118' title='bbox 95 1163 197 1186; x_wconf 90' lang='lat' dir='ltr'><strong>mum</strong></span> <span class='ocrx_word' id='word_1_119' title='bbox 239 1163 286 1186; x_wconf 84' lang='lat' dir='ltr'><strong>cx</strong></span> <span class='ocrx_word' id='word_1_120' title='bbox 331 1151 446 1186; x_wconf 90' lang='lat' dir='ltr'><strong>domo</strong></span> <span class='ocrx_word' id='word_1_121' title='bbox 487 1150 627 1186; x_wconf 86' lang='lat' dir='ltr'><strong>excivit</strong></span> <span class='ocrx_word' id='word_1_122' title='bbox 664 1149 818 1196; x_wconf 86' lang='lat' dir='ltr'><strong>iamque</strong></span> <span class='ocrx_word' id='word_1_123' title='bbox 851 1149 1035 1198; x_wconf 82' lang='lat' dir='ltr'><strong>Synnada</strong></span> <span class='ocrx_word' id='word_1_124' title='bbox 1065 1154 1342 1198; x_wconf 80' lang='lat' dir='ltr'><strong>pervenerant,</strong></span> <span class='ocrx_word' id='word_1_125' title='bbox 1384 1146 1508 1197; x_wconf 90' lang='lat' dir='ltr'><strong>[cum]</strong></span> 
     </span>
     <span class='ocr_line' id='line_1_16' title="bbox 94 1218 1510 1267; baseline -0.001 -12"><span class='ocrx_word' id='word_1_126' title='bbox 94 1220 286 1256; x_wconf 84' lang='lat' dir='ltr'><strong>Eumenes</strong></span> <span class='ocrx_word' id='word_1_127' title='bbox 309 1220 354 1256; x_wconf 79' lang='lat' dir='ltr'><strong>ad</strong></span> <span class='ocrx_word' id='word_1_128' title='bbox 376 1220 518 1257; x_wconf 82' lang='lat' dir='ltr'><strong>Sardes</strong></span> <span class='ocrx_word' id='word_1_129' title='bbox 539 1220 707 1267; x_wconf 87' lang='lat' dir='ltr'><strong>undique</strong></span> <span class='ocrx_word' id='word_1_130' title='bbox 730 1219 935 1255; x_wconf 86' lang='lat' dir='ltr'><strong>exercitum</strong></span> <span class='ocrx_word' id='word_1_131' title='bbox 960 1225 1217 1257; x_wconf 82' lang='lat' dir='ltr'><strong>contraxerat.</strong></span> <span class='ocrx_word' id='word_1_132' title='bbox 1264 1218 1323 1254; x_wconf 89' lang='lat' dir='ltr'><strong>Ibi</strong></span> <span class='ocrx_word' id='word_1_133' title='bbox 1347 1218 1510 1254; x_wconf 85' lang='lat' dir='ltr'><strong>Romani</strong></span> 
     </span>
     <span class='ocr_line' id='line_1_17' title="bbox 95 1288 1510 1339; baseline -0.001 -13"><span class='ocrx_word' id='word_1_134' title='bbox 95 1302 179 1326; x_wconf 89' lang='lat' dir='ltr'><strong>cum</strong></span> <span class='ocrx_word' id='word_1_135' title='bbox 213 1288 287 1339; x_wconf 92' lang='lat' dir='ltr'><strong>[et]</strong></span> <span class='ocrx_word' id='word_1_136' title='bbox 324 1290 598 1334; x_wconf 70' lang='lat' dir='ltr'><strong>Solovettium,</strong></span> <span class='ocrx_word' id='word_1_137' title='bbox 640 1290 773 1325; x_wconf 84' lang='lat' dir='ltr'><strong>ducem</strong></span> <span class='ocrx_word' id='word_1_138' title='bbox 806 1289 1033 1334; x_wconf 69' lang='lat' dir='ltr'><strong>Gallorum,</strong></span> <span class='ocrx_word' id='word_1_139' title='bbox 1072 1289 1237 1338; x_wconf 82' lang='lat' dir='ltr'><strong>Synadis</strong></span> <span class='ocrx_word' id='word_1_140' title='bbox 1269 1301 1343 1324; x_wconf 76' lang='lat' dir='ltr'><strong>esse</strong></span> <span class='ocrx_word' id='word_1_141' title='bbox 1372 1301 1510 1337; x_wconf 75' lang='lat' dir='ltr'><strong>compe-</strong></span> 
     </span>
     <span class='ocr_line' id='line_1_18' title="bbox 92 1358 1510 1407; baseline 0.001 -12"><span class='ocrx_word' id='word_1_142' title='bbox 92 1362 234 1405; x_wconf 71' lang='lat' dir='ltr'><strong>rissent,</strong></span> <span class='ocrx_word' id='word_1_143' title='bbox 265 1373 303 1396; x_wconf 87' lang='lat' dir='ltr'><strong>eo</strong></span> <span class='ocrx_word' id='word_1_144' title='bbox 333 1366 365 1396; x_wconf 80' lang='lat' dir='ltr'><strong>et</strong></span> <span class='ocrx_word' id='word_1_145' title='bbox 394 1361 466 1407; x_wconf 75' lang='lat' dir='ltr'><strong>ipsi</strong></span> <span class='ocrx_word' id='word_1_146' title='bbox 495 1359 543 1395; x_wconf 86' lang='lat' dir='ltr'><strong>ad</strong></span> <span class='ocrx_word' id='word_1_147' title='bbox 574 1358 805 1406; x_wconf 88' lang='lat' dir='ltr'><strong>colloquium</strong></span> <span class='ocrx_word' id='word_1_148' title='bbox 844 1365 881 1395; x_wconf 86' lang='lat' dir='ltr'><strong>et</strong></span> <span class='ocrx_word' id='word_1_149' title='bbox 911 1360 1067 1396; x_wconf 86' lang='lat' dir='ltr'><strong>Attalus</strong></span> <span class='ocrx_word' id='word_1_150' title='bbox 1106 1372 1191 1396; x_wconf 88' lang='lat' dir='ltr'><strong>cum</strong></span> <span class='ocrx_word' id='word_1_151' title='bbox 1231 1359 1283 1395; x_wconf 86' lang='lat' dir='ltr'><strong>eis</strong></span> <span class='ocrx_word' id='word_1_152' title='bbox 1315 1359 1510 1407; x_wconf 85' lang='lat' dir='ltr'><strong>profectus</strong></span> 
     </span>
     <span class='ocr_line' id='line_1_19' title="bbox 92 1429 1510 1478; baseline 0 -12"><span class='ocrx_word' id='word_1_153' title='bbox 92 1436 164 1474; x_wconf 87' lang='lat' dir='ltr'><strong>est;</strong></span> <span class='ocrx_word' id='word_1_154' title='bbox 205 1437 332 1467; x_wconf 84' lang='lat' dir='ltr'><strong>castra</strong></span> <span class='ocrx_word' id='word_1_155' title='bbox 363 1429 564 1467; x_wconf 80' lang='lat' dir='ltr'><strong>Gallorum</strong></span> <span class='ocrx_word' id='word_1_156' title='bbox 606 1429 748 1465; x_wconf 86' lang='lat' dir='ltr'><strong>intrare</strong></span> <span class='ocrx_word' id='word_1_157' title='bbox 787 1442 872 1465; x_wconf 91' lang='lat' dir='ltr'><strong>eum</strong></span> <span class='ocrx_word' id='word_1_158' title='bbox 911 1442 986 1465; x_wconf 83' lang='lat' dir='ltr'><strong>non</strong></span> <span class='ocrx_word' id='word_1_159' title='bbox 1024 1430 1188 1478; x_wconf 78' lang='lat' dir='ltr'><strong>placuit,</strong></span> <span class='ocrx_word' id='word_1_160' title='bbox 1228 1442 1275 1465; x_wconf 88' lang='lat' dir='ltr'><strong>ne</strong></span> <span class='ocrx_word' id='word_1_161' title='bbox 1315 1430 1430 1465; x_wconf 86' lang='lat' dir='ltr'><strong>animi</strong></span> <span class='ocrx_word' id='word_1_162' title='bbox 1462 1443 1510 1466; x_wconf 82' lang='lat' dir='ltr'><strong>ex</strong></span> 
     </span>
     <span class='ocr_line' id='line_1_20' title="bbox 92 1499 1507 1549; baseline 0.001 -14"><span class='ocrx_word' id='word_1_163' title='bbox 92 1500 368 1549; x_wconf 73' lang='lat' dir='ltr'><strong>disceptatione</strong></span> <span class='ocrx_word' id='word_1_164' title='bbox 406 1499 661 1535; x_wconf 79' lang='lat' dir='ltr'><strong>inritarentur.</strong></span> <span class='ocrx_word' id='word_1_165' title='bbox 724 1500 766 1535; x_wconf 90' lang='lat' dir='ltr'><strong>P.</strong></span> <span class='ocrx_word' id='word_1_166' title='bbox 803 1499 970 1535; x_wconf 86' lang='lat' dir='ltr'><strong>Licinius</strong></span> <span class='ocrx_word' id='word_1_167' title='bbox 1011 1512 1094 1535; x_wconf 88' lang='lat' dir='ltr'><strong>cum</strong></span> <span class='ocrx_word' id='word_1_168' title='bbox 1133 1499 1265 1547; x_wconf 86' lang='lat' dir='ltr'><strong>regulo</strong></span> <span class='ocrx_word' id='word_1_169' title='bbox 1305 1499 1507 1537; x_wconf 85' lang='lat' dir='ltr'><strong>Gallorum</strong></span> 
     </span>
     <span class='ocr_line' id='line_1_21' title="bbox 91 1568 1509 1617; baseline -0.001 -11"><span class='ocrx_word' id='word_1_170' title='bbox 91 1577 146 1606; x_wconf 87' lang='lat' dir='ltr'><strong>est</strong></span> <span class='ocrx_word' id='word_1_171' title='bbox 176 1571 346 1614; x_wconf 81' lang='lat' dir='ltr'><strong>locutus,</strong></span> <span class='ocrx_word' id='word_1_172' title='bbox 386 1568 624 1615; x_wconf 77' lang='lat' dir='ltr'><strong>rettulitque,</strong></span> <span class='ocrx_word' id='word_1_173' title='bbox 673 1568 898 1604; x_wconf 83' lang='lat' dir='ltr'><strong>ferociorem</strong></span> <span class='ocrx_word' id='word_1_174' title='bbox 939 1582 1022 1605; x_wconf 86' lang='lat' dir='ltr'><strong>eum</strong></span> <span class='ocrx_word' id='word_1_175' title='bbox 1063 1569 1304 1617; x_wconf 82' lang='lat' dir='ltr'><strong>deprecando</strong></span> <span class='ocrx_word' id='word_1_176' title='bbox 1347 1568 1509 1613; x_wconf 83' lang='lat' dir='ltr'><strong>factum3</strong></span> 
     </span>
     <span class='ocr_line' id='line_1_22' title="bbox 92 1637 1507 1688; baseline 0 -13"><span class='ocrx_word' id='word_1_177' title='bbox 92 1645 132 1675; x_wconf 90' lang='lat' dir='ltr'><strong>ut</strong></span> <span class='ocrx_word' id='word_1_178' title='bbox 161 1639 296 1675; x_wconf 88' lang='lat' dir='ltr'><strong>mirum</strong></span> <span class='ocrx_word' id='word_1_179' title='bbox 330 1638 451 1675; x_wconf 85' lang='lat' dir='ltr'><strong>videri</strong></span> <span class='ocrx_word' id='word_1_180' title='bbox 484 1638 624 1685; x_wconf 78' lang='lat' dir='ltr'><strong>possit,</strong></span> <span class='ocrx_word' id='word_1_181' title='bbox 654 1637 751 1674; x_wconf 86' lang='lat' dir='ltr'><strong>inter</strong></span> <span class='ocrx_word' id='word_1_182' title='bbox 778 1645 854 1675; x_wconf 87' lang='lat' dir='ltr'><strong>tam</strong></span> <span class='ocrx_word' id='word_1_183' title='bbox 887 1639 1089 1687; x_wconf 86' lang='lat' dir='ltr'><strong>opulentos</strong></span> <span class='ocrx_word' id='word_1_184' title='bbox 1119 1652 1241 1688; x_wconf 80' lang='lat' dir='ltr'><strong>regeS‚</strong></span> <span class='ocrx_word' id='word_1_185' title='bbox 1273 1640 1507 1676; x_wconf 85' lang='lat' dir='ltr'><strong>Antiochum</strong></span> 
     </span>
     <span class='ocr_line' id='line_1_23' title="bbox 92 1707 1507 1757; baseline 0 -11"><span class='ocrx_word' id='word_1_186' title='bbox 92 1709 432 1756; x_wconf 67' lang='lat' dir='ltr'><strong>Ptolemaeumque,</strong></span> <span class='ocrx_word' id='word_1_187' title='bbox 462 1714 608 1745; x_wconf 86' lang='lat' dir='ltr'><strong>tantum</strong></span> <span class='ocrx_word' id='word_1_188' title='bbox 640 1707 854 1757; x_wconf 84' lang='lat' dir='ltr'><strong>legatorum</strong></span> <span class='ocrx_word' id='word_1_189' title='bbox 885 1710 1147 1746; x_wconf 85' lang='lat' dir='ltr'><strong>Romanorum</strong></span> <span class='ocrx_word' id='word_1_190' title='bbox 1178 1710 1298 1746; x_wconf 82' lang='lat' dir='ltr'><strong>verba</strong></span> <span class='ocrx_word' id='word_1_191' title='bbox 1328 1710 1507 1755; x_wconf 83' lang='lat' dir='ltr'><strong>valuisse,</strong></span> 
     </span>
    </p>
   </div>
   <div class='ocr_carea' id='block_1_3' title="bbox 90 1918 1508 2088">
    <p class='ocr_par' dir='ltr' id='par_1_4' title="bbox 90 1918 1508 2088">
     <span class='ocr_line' id='line_1_24' title="bbox 93 1918 1507 1971; baseline 0.004 -14"><span class='ocrx_word' id='word_1_192' title='bbox 93 1931 111 1957; x_wconf 81' lang='lat'>4</span> <span class='ocrx_word' id='word_1_193' title='bbox 128 1929 275 1968; x_wconf 83' lang='lat' dir='ltr'><strong>expertis</strong></span> <span class='ocrx_word' id='word_1_194' title='bbox 298 1929 302 1967; x_wconf 84' lang='grc' dir='ltr'>Ι</span> <span class='ocrx_word' id='word_1_195' title='bbox 324 1930 435 1968; x_wconf 82' lang='lat' dir='ltr'><strong>praede</strong></span> <span class='ocrx_word' id='word_1_196' title='bbox 450 1938 522 1960; x_wconf 82' lang='lat' dir='ltr'><strong>esse</strong></span> <span class='ocrx_word' id='word_1_197' title='bbox 537 1930 588 1968; x_wconf 85' lang='lat' dir='ltr'><strong>(se</strong></span> <span class='ocrx_word' id='word_1_198' title='bbox 603 1928 682 1960; x_wconf 77' lang='lat' dir='ltr'><strong>add.</strong></span> <span class='ocrx_word' id='word_1_199' title='bbox 695 1929 768 1971; x_wconf 66' lang='lat' dir='ltr'><strong>My.</strong></span> <span class='ocrx_word' id='word_1_200' title='bbox 780 1929 853 1961; x_wconf 83' lang='lat' dir='ltr'><strong>Em.</strong></span> <span class='ocrx_word' id='word_1_201' title='bbox 871 1929 950 1970; x_wconf 76' lang='lat'><strong>614)</strong></span> <span class='ocrx_word' id='word_1_202' title='bbox 989 1930 1021 1968; x_wconf 85' lang='lat'><strong>8,</strong></span> <span class='ocrx_word' id='word_1_203' title='bbox 1040 1934 1052 1960; x_wconf 87' lang='lat'>1</span> <span class='ocrx_word' id='word_1_204' title='bbox 1072 1931 1200 1961; x_wconf 82' lang='lat' dir='ltr'><strong>oricum</strong></span> <span class='ocrx_word' id='word_1_205' title='bbox 1215 1932 1335 1963; x_wconf 77' lang='lat' dir='ltr'><strong>missas</strong></span> <span class='ocrx_word' id='word_1_206' title='bbox 1378 1935 1395 1962; x_wconf 83' lang='lat'><strong>2</strong></span> <span class='ocrx_word' id='word_1_207' title='bbox 1413 1918 1507 1962; x_wconf 71' lang='lat' dir='ltr'><strong>inna-</strong></span> 
     </span>
     <span class='ocr_line' id='line_1_25' title="bbox 91 1985 1507 2027; baseline 0.004 -13"><span class='ocrx_word' id='word_1_208' title='bbox 91 1985 263 2016; x_wconf 79' lang='lat' dir='ltr'><strong>uenissent</strong></span> <span class='ocrx_word' id='word_1_209' title='bbox 323 1986 354 2023; x_wconf 75' lang='grc'><strong>9,</strong></span> <span class='ocrx_word' id='word_1_210' title='bbox 383 1990 401 2016; x_wconf 82' lang='grc'><strong>4</strong></span> <span class='ocrx_word' id='word_1_211' title='bbox 441 1996 551 2017; x_wconf 82' lang='lat' dir='ltr'><strong>causae</strong></span> <span class='ocrx_word' id='word_1_212' title='bbox 577 1993 766 2018; x_wconf 82' lang='lat' dir='ltr'><strong>reseruarat</strong></span> <span class='ocrx_word' id='word_1_213' title='bbox 791 1986 916 2018; x_wconf 74' lang='lat' dir='ltr'><strong>Duker.</strong></span> <span class='ocrx_word' id='word_1_214' title='bbox 996 1991 1013 2018; x_wconf 85' lang='lat'>5</span> <span class='ocrx_word' id='word_1_215' title='bbox 1042 1989 1163 2027; x_wconf 88' lang='lat' dir='ltr'><strong>quibus</strong></span> <span class='ocrx_word' id='word_1_216' title='bbox 1189 1998 1276 2021; x_wconf 90' lang='lat' dir='ltr'><strong>unus</strong></span> <span class='ocrx_word' id='word_1_217' title='bbox 1337 1989 1391 2026; x_wconf 80' lang='lat'><strong>10,</strong></span> <span class='ocrx_word' id='word_1_218' title='bbox 1419 1993 1437 2020; x_wconf 92' lang='grc'>2</span> <span class='ocrx_word' id='word_1_219' title='bbox 1465 1990 1507 2020; x_wconf 87' lang='lat' dir='ltr'><strong>ad</strong></span> 
     </span>
     <span class='ocr_line' id='line_1_26' title="bbox 90 2042 1508 2088; baseline 0.004 -16"><span class='ocrx_word' id='word_1_220' title='bbox 90 2042 190 2073; x_wconf 79' lang='lat' dir='ltr'><strong>finem</strong></span> <span class='ocrx_word' id='word_1_221' title='bbox 217 2043 294 2074; x_wconf 91' lang='lat' dir='ltr'><strong>dum</strong></span> <span class='ocrx_word' id='word_1_222' title='bbox 344 2048 363 2074; x_wconf 88' lang='grc'><strong>3</strong></span> <span class='ocrx_word' id='word_1_223' title='bbox 389 2044 435 2075; x_wconf 90' lang='lat' dir='ltr'><strong>ini</strong></span> <span class='ocrx_word' id='word_1_224' title='bbox 461 2045 568 2075; x_wconf 81' lang='lat' dir='ltr'><strong>asiam</strong></span> <span class='ocrx_word' id='word_1_225' title='bbox 615 2044 669 2081; x_wconf 87' lang='lat'><strong>11,</strong></span> <span class='ocrx_word' id='word_1_226' title='bbox 695 2049 712 2075; x_wconf 88' lang='lat'>2</span> <span class='ocrx_word' id='word_1_227' title='bbox 740 2044 819 2075; x_wconf 84' lang='lat' dir='ltr'><strong>facti</strong></span> <span class='ocrx_word' id='word_1_228' title='bbox 843 2046 848 2085; x_wconf 86' lang='grc' dir='ltr'>Ι</span> <span class='ocrx_word' id='word_1_229' title='bbox 870 2045 1026 2076; x_wconf 87' lang='lat' dir='ltr'><strong>abierunt</strong></span> <span class='ocrx_word' id='word_1_230' title='bbox 1093 2050 1111 2076; x_wconf 86' lang='lat'><strong>3</strong></span> <span class='ocrx_word' id='word_1_231' title='bbox 1157 2053 1396 2078; x_wconf 86' lang='lat' dir='ltr'><strong>concesserant</strong></span> <span class='ocrx_word' id='word_1_232' title='bbox 1431 2057 1508 2088; x_wconf 83' lang='lat' dir='ltr'><strong>per-</strong></span> 
     </span>
    </p>
   </div>
   <div class='ocr_carea' id='block_1_4' title="bbox 91 2113 1509 2271">
    <p class='ocr_par' dir='ltr' id='par_1_5' title="bbox 91 2113 1509 2271">
     <span class='ocr_line' id='line_1_27' title="bbox 91 2113 1508 2157; baseline 0.004 -15"><span class='ocrx_word' id='word_1_233' title='bbox 91 2121 226 2151; x_wconf 83' lang='lat' dir='ltr'><strong>gamum</strong></span> <span class='ocrx_word' id='word_1_234' title='bbox 265 2114 487 2154; x_wconf 80' lang='lat' dir='ltr'><strong>pergrauique</strong></span> <span class='ocrx_word' id='word_1_235' title='bbox 520 2113 526 2154; x_wconf 82' lang='grc' dir='ltr'>Ι</span> <span class='ocrx_word' id='word_1_236' title='bbox 559 2113 695 2144; x_wconf 85' lang='lat' dir='ltr'><strong>suerunt</strong></span> <span class='ocrx_word' id='word_1_237' title='bbox 720 2123 781 2144; x_wconf 86' lang='lat' dir='ltr'><strong>uer</strong></span> <span class='ocrx_word' id='word_1_238' title='bbox 842 2117 862 2143; x_wconf 84' lang='lat'>4</span> <span class='ocrx_word' id='word_1_239' title='bbox 902 2114 1200 2155; x_wconf 80' lang='lat' dir='ltr'><strong>exciuitatiamque</strong></span> <span class='ocrx_word' id='word_1_240' title='bbox 1243 2115 1374 2147; x_wconf 76' lang='lat' dir='ltr'><strong>Videtur</strong></span> <span class='ocrx_word' id='word_1_241' title='bbox 1400 2117 1508 2157; x_wconf 77' lang='lat' dir='ltr'><strong>fuisse</strong></span> 
     </span>
     <span class='ocr_line' id='line_1_28' title="bbox 91 2168 1506 2213; baseline 0.004 -14"><span class='ocrx_word' id='word_1_242' title='bbox 91 2169 216 2199; x_wconf 76' lang='lat' dir='ltr'><strong>excivit</strong></span> <span class='ocrx_word' id='word_1_243' title='bbox 241 2168 359 2201; x_wconf 87' lang='lat' dir='ltr'><strong>Gallos</strong></span> <span class='ocrx_word' id='word_1_244' title='bbox 396 2171 548 2210; x_wconf 84' lang='lat' dir='ltr'><strong>iamque,</strong></span> <span class='ocrx_word' id='word_1_245' title='bbox 586 2177 619 2202; x_wconf 82' lang='lat' dir='ltr'><strong>ut</strong></span> <span class='ocrx_word' id='word_1_246' title='bbox 646 2170 735 2202; x_wconf 82' lang='lat' dir='ltr'><strong>Crev.</strong></span> <span class='ocrx_word' id='word_1_247' title='bbox 762 2171 858 2202; x_wconf 79' lang='lat' dir='ltr'><strong>scribi</strong></span> <span class='ocrx_word' id='word_1_248' title='bbox 881 2171 987 2203; x_wconf 73' lang='lat' dir='ltr'><strong>voluit.</strong></span> <span class='ocrx_word' id='word_1_249' title='bbox 1035 2172 1041 2212; x_wconf 88' lang='grc' dir='ltr'>Ι</span> <span class='ocrx_word' id='word_1_250' title='bbox 1085 2181 1309 2213; x_wconf 80' lang='lat' dir='ltr'><strong>peruenerant</strong></span> <span class='ocrx_word' id='word_1_251' title='bbox 1345 2184 1421 2205; x_wconf 89' lang='lat' dir='ltr'><strong>cum</strong></span> <span class='ocrx_word' id='word_1_252' title='bbox 1448 2184 1506 2205; x_wconf 86' lang='lat' dir='ltr'><strong>eu-</strong></span> 
     </span>
     <span class='ocr_line' id='line_1_29' title="bbox 91 2226 1509 2271; baseline 0.004 -14"><span class='ocrx_word' id='word_1_253' title='bbox 91 2227 198 2258; x_wconf 83' lang='lat' dir='ltr'><strong>menis</strong></span> <span class='ocrx_word' id='word_1_254' title='bbox 229 2226 300 2269; x_wconf 62' lang='lat' dir='ltr'><strong>My.</strong></span> <span class='ocrx_word' id='word_1_255' title='bbox 338 2227 415 2269; x_wconf 88' lang='lat' dir='ltr'><strong>(cfr.</strong></span> <span class='ocrx_word' id='word_1_256' title='bbox 451 2228 524 2260; x_wconf 86' lang='lat' dir='ltr'><strong>Em.</strong></span> <span class='ocrx_word' id='word_1_257' title='bbox 564 2228 641 2260; x_wconf 86' lang='grc'><em>615.</em></span> <span class='ocrx_word' id='word_1_258' title='bbox 673 2229 769 2271; x_wconf 77' lang='lat' dir='ltr'><strong>Gryn.</strong></span> <span class='ocrx_word' id='word_1_259' title='bbox 812 2239 886 2259; x_wconf 84' lang='lat' dir='ltr'><strong>cum</strong></span> <span class='ocrx_word' id='word_1_260' title='bbox 912 2230 1081 2261; x_wconf 86' lang='lat' dir='ltr'><strong>Eumenes</strong></span> <span class='ocrx_word' id='word_1_261' title='bbox 1121 2229 1229 2261; x_wconf 68' lang='lat' dir='ltr'><strong>Nimis</strong></span> <span class='ocrx_word' id='word_1_262' title='bbox 1253 2230 1366 2261; x_wconf 71' lang='lat' dir='ltr'><strong>audax</strong></span> <span class='ocrx_word' id='word_1_263' title='bbox 1386 2232 1453 2269; x_wconf 78' lang='lat' dir='ltr'><strong>sim,</strong></span> <span class='ocrx_word' id='word_1_264' title='bbox 1479 2232 1509 2263; x_wconf 87' lang='lat' dir='ltr'><strong>si</strong></span> 
     </span>
    </p>
   </div>
   <div class='ocr_carea' id='block_1_5' title="bbox 89 2284 750 2326">
    <p class='ocr_par' dir='ltr' id='par_1_6' title="bbox 89 2284 750 2326">
     <span class='ocr_line' id='line_1_30' title="bbox 89 2284 750 2326; baseline 0.008 -13"><span class='ocrx_word' id='word_1_265' title='bbox 89 2285 228 2325; x_wconf 76' lang='lat' dir='ltr'><strong>suspicer</strong></span> <span class='ocrx_word' id='word_1_266' title='bbox 253 2285 381 2316; x_wconf 75' lang='lat' dir='ltr'><strong>Livium</strong></span> <span class='ocrx_word' id='word_1_267' title='bbox 405 2286 587 2326; x_wconf 73' lang='lat' dir='ltr'><strong>scripsisse:</strong></span> <span class='ocrx_word' id='word_1_268' title='bbox 625 2292 659 2317; x_wconf 84' lang='lat' dir='ltr'><strong>et</strong></span> <span class='ocrx_word' id='word_1_269' title='bbox 697 2284 714 2299; x_wconf 75' lang='lat'><strong>⁴⁵</strong></span> <span class='ocrx_word' id='word_1_270' title='bbox 734 2284 750 2299; x_wconf 75' lang='lat'><em>*</em></span> 
     </span>
    </p>
   </div>
   <div class='ocr_carea' id='block_1_6' title="bbox 90 2288 1506 2559">
    <p class='ocr_par' dir='ltr' id='par_1_7' title="bbox 90 2288 1506 2559">
     <span class='ocr_line' id='line_1_31' title="bbox 763 2288 1505 2328; baseline 0.005 -12"><span class='ocrx_word' id='word_1_271' title='bbox 763 2310 770 2323; x_wconf 89' lang='lat'>‚</span> <span class='ocrx_word' id='word_1_272' title='bbox 809 2288 965 2327; x_wconf 82' lang='lat' dir='ltr'><strong>princeps</strong></span> <span class='ocrx_word' id='word_1_273' title='bbox 993 2288 1114 2318; x_wconf 85' lang='lat' dir='ltr'><strong>ducum</strong></span> <span class='ocrx_word' id='word_1_274' title='bbox 1145 2289 1344 2328; x_wconf 78' lang='lat' dir='ltr'><strong>Eumenis?)</strong></span> <span class='ocrx_word' id='word_1_275' title='bbox 1408 2293 1425 2320; x_wconf 90' lang='lat'>5</span> <span class='ocrx_word' id='word_1_276' title='bbox 1462 2290 1505 2320; x_wconf 85' lang='lat' dir='ltr'><strong>ab</strong></span> 
     </span>
     <span class='ocr_line' id='line_1_32' title="bbox 93 2341 1506 2386; baseline 0.005 -15"><span class='ocrx_word' id='word_1_277' title='bbox 93 2341 198 2373; x_wconf 83' lang='lat' dir='ltr'><strong>sardis</strong></span> <span class='ocrx_word' id='word_1_278' title='bbox 279 2342 333 2381; x_wconf 77' lang='grc'><strong>12,</strong></span> <span class='ocrx_word' id='word_1_279' title='bbox 368 2346 380 2374; x_wconf 97' lang='lat' dir='ltr'><strong>l</strong></span> <span class='ocrx_word' id='word_1_280' title='bbox 426 2343 471 2374; x_wconf 92' lang='lat' dir='ltr'><strong>ibi</strong></span> <span class='ocrx_word' id='word_1_281' title='bbox 500 2345 628 2375; x_wconf 89' lang='lat' dir='ltr'><strong>romani</strong></span> <span class='ocrx_word' id='word_1_282' title='bbox 656 2354 731 2375; x_wconf 86' lang='lat' dir='ltr'><strong>cum</strong></span> <span class='ocrx_word' id='word_1_283' title='bbox 759 2350 790 2374; x_wconf 81' lang='lat' dir='ltr'><strong>et</strong></span> <span class='ocrx_word' id='word_1_284' title='bbox 816 2345 1033 2375; x_wconf 86' lang='lat' dir='ltr'><strong>soloucttium</strong></span> <span class='ocrx_word' id='word_1_285' title='bbox 1065 2363 1106 2368; x_wconf 82' lang='lat'>—</span> <span class='ocrx_word' id='word_1_286' title='bbox 1140 2348 1307 2386; x_wconf 74' lang='lat' dir='ltr'><strong>synnades</strong></span> <span class='ocrx_word' id='word_1_287' title='bbox 1328 2347 1506 2379; x_wconf 82' lang='lat' dir='ltr'><strong>adlocutus</strong></span> 
     </span>
     <span class='ocr_line' id='line_1_33' title="bbox 91 2399 1505 2445; baseline 0.004 -16"><span class='ocrx_word' id='word_1_288' title='bbox 91 2403 123 2429; x_wconf 87' lang='lat' dir='ltr'><strong>et</strong></span> <span class='ocrx_word' id='word_1_289' title='bbox 147 2399 234 2430; x_wconf 84' lang='lat' dir='ltr'><strong>talus</strong></span> <span class='ocrx_word' id='word_1_290' title='bbox 262 2399 333 2440; x_wconf 71' lang='lat' dir='ltr'><strong>My.</strong></span> <span class='ocrx_word' id='word_1_291' title='bbox 363 2399 537 2442; x_wconf 57' lang='lat' dir='ltr'><strong>(CsinEm.</strong></span> <span class='ocrx_word' id='word_1_292' title='bbox 569 2400 646 2433; x_wconf 81' lang='grc'><em>615.</em></span> <span class='ocrx_word' id='word_1_293' title='bbox 679 2401 776 2443; x_wconf 70' lang='lat' dir='ltr'><strong>Gryn.</strong></span> <span class='ocrx_word' id='word_1_294' title='bbox 805 2401 856 2433; x_wconf 90' lang='lat' dir='ltr'><strong>Ibi</strong></span> <span class='ocrx_word' id='word_1_295' title='bbox 883 2408 915 2432; x_wconf 85' lang='lat' dir='ltr'><strong>et</strong></span> <span class='ocrx_word' id='word_1_296' title='bbox 939 2402 1082 2433; x_wconf 86' lang='lat' dir='ltr'><strong>Romani</strong></span> <span class='ocrx_word' id='word_1_297' title='bbox 1110 2403 1335 2435; x_wconf 87' lang='lat' dir='ltr'><strong>Solouettium</strong></span> <span class='ocrx_word' id='word_1_298' title='bbox 1357 2422 1396 2427; x_wconf 93' lang='lat'><strong>--</strong></span> <span class='ocrx_word' id='word_1_299' title='bbox 1419 2404 1505 2445; x_wconf 79' lang='lat' dir='ltr'><strong>Syn-</strong></span> 
     </span>
     <span class='ocr_line' id='line_1_34' title="bbox 90 2457 1504 2504; baseline 0.006 -18"><span class='ocrx_word' id='word_1_300' title='bbox 90 2457 185 2488; x_wconf 80' lang='lat' dir='ltr'><strong>nadis</strong></span> <span class='ocrx_word' id='word_1_301' title='bbox 200 2457 349 2494; x_wconf 67' lang='lat' dir='ltr'><strong>allocufi,</strong></span> <span class='ocrx_word' id='word_1_302' title='bbox 367 2464 400 2488; x_wconf 84' lang='lat' dir='ltr'><strong>et</strong></span> <span class='ocrx_word' id='word_1_303' title='bbox 414 2458 569 2497; x_wconf 83' lang='lat' dir='ltr'><strong>Attalus)</strong></span> <span class='ocrx_word' id='word_1_304' title='bbox 608 2463 626 2489; x_wconf 89' lang='lat'><strong>3</strong></span> <span class='ocrx_word' id='word_1_305' title='bbox 642 2459 814 2500; x_wconf 83' lang='lat' dir='ltr'><strong>profectus</strong></span> <span class='ocrx_word' id='word_1_306' title='bbox 825 2459 884 2491; x_wconf 83' lang='lat' dir='ltr'><strong>sed</strong></span> <span class='ocrx_word' id='word_1_307' title='bbox 900 2469 1011 2490; x_wconf 75' lang='lat' dir='ltr'><strong>castra</strong></span> <span class='ocrx_word' id='word_1_308' title='bbox 1024 2459 1095 2501; x_wconf 66' lang='lat' dir='ltr'><strong>Bsy.</strong></span> <span class='ocrx_word' id='word_1_309' title='bbox 1108 2460 1181 2492; x_wconf 88' lang='lat' dir='ltr'><strong>Em.</strong></span> <span class='ocrx_word' id='word_1_310' title='bbox 1197 2460 1263 2493; x_wconf 80' lang='lat'><strong>615</strong></span> <span class='ocrx_word' id='word_1_311' title='bbox 1290 2461 1410 2504; x_wconf 74' lang='lat' dir='ltr'><strong>(Gryn.</strong></span> <span class='ocrx_word' id='word_1_312' title='bbox 1426 2472 1504 2503; x_wconf 85' lang='lat' dir='ltr'><strong>pro·</strong></span> 
     </span>
     <span class='ocr_line' id='line_1_35' title="bbox 90 2512 1504 2559; baseline 0.005 -15"><span class='ocrx_word' id='word_1_313' title='bbox 90 2512 214 2545; x_wconf 87' lang='lat' dir='ltr'><strong>fectus:</strong></span> <span class='ocrx_word' id='word_1_314' title='bbox 240 2515 316 2554; x_wconf 85' lang='lat' dir='ltr'><strong>sed)</strong></span> <span class='ocrx_word' id='word_1_315' title='bbox 366 2515 420 2553; x_wconf 90' lang='lat'><strong>13,</strong></span> <span class='ocrx_word' id='word_1_316' title='bbox 450 2519 463 2546; x_wconf 90' lang='lat'>1</span> <span class='ocrx_word' id='word_1_317' title='bbox 494 2516 627 2547; x_wconf 87' lang='lat' dir='ltr'><strong>licinius</strong></span> <span class='ocrx_word' id='word_1_318' title='bbox 654 2526 747 2547; x_wconf 90' lang='lat' dir='ltr'><strong>cons.</strong></span> <span class='ocrx_word' id='word_1_319' title='bbox 775 2516 892 2556; x_wconf 79' lang='lat' dir='ltr'><strong>regulo</strong></span> <span class='ocrx_word' id='word_1_320' title='bbox 934 2521 952 2547; x_wconf 84' lang='lat'>2</span> <span class='ocrx_word' id='word_1_321' title='bbox 981 2518 1204 2559; x_wconf 79' lang='lat' dir='ltr'><strong>depraecando</strong></span> <span class='ocrx_word' id='word_1_322' title='bbox 1268 2519 1323 2557; x_wconf 82' lang='lat'><strong>14,</strong></span> <span class='ocrx_word' id='word_1_323' title='bbox 1350 2520 1369 2553; x_wconf 87' lang='lat'>1</span> <span class='ocrx_word' id='word_1_324' title='bbox 1396 2520 1504 2551; x_wconf 84' lang='lat' dir='ltr'><strong>uideri</strong></span> 
     </span>
    </p>
   </div>
   <div class='ocr_carea' id='block_1_7' title="bbox 90 2571 1064 2617">
    <p class='ocr_par' dir='ltr' id='par_1_8' title="bbox 90 2571 1064 2617">
     <span class='ocr_line' id='line_1_36' title="bbox 90 2571 1064 2617; baseline 0.004 -15"><span class='ocrx_word' id='word_1_325' title='bbox 90 2577 205 2612; x_wconf 82' lang='lat' dir='ltr'><strong>posset</strong></span> <span class='ocrx_word' id='word_1_326' title='bbox 231 2571 303 2614; x_wconf 74' lang='lat' dir='ltr'><strong>My.</strong></span> <span class='ocrx_word' id='word_1_327' title='bbox 330 2572 403 2604; x_wconf 86' lang='lat' dir='ltr'><strong>Em.</strong></span> <span class='ocrx_word' id='word_1_328' title='bbox 435 2572 502 2604; x_wconf 85' lang='grc'><em>615</em></span> <span class='ocrx_word' id='word_1_329' title='bbox 550 2573 555 2614; x_wconf 80' lang='grc' dir='ltr'>Ι</span> <span class='ocrx_word' id='word_1_330' title='bbox 601 2573 798 2605; x_wconf 83' lang='lat' dir='ltr'><strong>anthiocum</strong></span> <span class='ocrx_word' id='word_1_331' title='bbox 823 2574 1064 2617; x_wconf 84' lang='lat' dir='ltr'><strong>ptolemeumq.</strong></span> 
     </span>
    </p>
   </div>
   <div class='ocr_carea' id='block_1_8' title="bbox 1548 798 1592 832">
    <p class='ocr_par' dir='ltr' id='par_1_9' title="bbox 1548 798 1592 832">
     <span class='ocr_line' id='line_1_37' title="bbox 1548 798 1592 832; baseline 0 0"><span class='ocrx_word' id='word_1_332' title='bbox 1548 798 1592 832; x_wconf 92' lang='grc'><em>10</em></span> 
     </span>
    </p>
   </div>
   <div class='ocr_carea' id='block_1_9' title="bbox 1546 937 1589 972">
    <p class='ocr_par' dir='ltr' id='par_1_10' title="bbox 1546 937 1589 972">
     <span class='ocr_line' id='line_1_38' title="bbox 1546 937 1589 972; baseline 0 0"><span class='ocrx_word' id='word_1_333' title='bbox 1546 937 1589 972; x_wconf 88' lang='grc'><strong>11</strong></span> 
     </span>
    </p>
   </div>
   <div class='ocr_carea' id='block_1_10' title="bbox 1547 1217 1592 1253">
    <p class='ocr_par' dir='ltr' id='par_1_11' title="bbox 1547 1217 1592 1253">
     <span class='ocr_line' id='line_1_39' title="bbox 1547 1217 1592 1253; baseline 0.022 -1"><span class='ocrx_word' id='word_1_334' title='bbox 1547 1217 1592 1253; x_wconf 90' lang='grc'><strong>12</strong></span> 
     </span>
    </p>
   </div>
   <div class='ocr_carea' id='block_1_11' title="bbox 1546 1497 1590 1533">
    <p class='ocr_par' dir='ltr' id='par_1_12' title="bbox 1546 1497 1590 1533">
     <span class='ocr_line' id='line_1_40' title="bbox 1546 1497 1590 1533; baseline -0.023 0"><span class='ocrx_word' id='word_1_335' title='bbox 1546 1497 1590 1533; x_wconf 86' lang='grc'><em>13</em></span> 
     </span>
    </p>
   </div>
   <div class='ocr_carea' id='block_1_12' title="bbox 1544 1637 1591 1671">
    <p class='ocr_par' dir='ltr' id='par_1_13' title="bbox 1544 1637 1591 1671">
     <span class='ocr_line' id='line_1_41' title="bbox 1544 1637 1591 1671; baseline 0 0"><span class='ocrx_word' id='word_1_336' title='bbox 1544 1637 1591 1671; x_wconf 87' lang='grc'><em>14</em></span> 
     </span>
    </p>
   </div>
  </div>
 </body>
</html>
