<?xml version="1.0" encoding="UTF-8"?>
<!DOCTYPE html PUBLIC "-//W3C//DTD XHTML 1.0 Transitional//EN"
    "http://www.w3.org/TR/xhtml1/DTD/xhtml1-transitional.dtd">
<html xmlns="http://www.w3.org/1999/xhtml" xml:lang="en" lang="en">
 <head>
  <title>
</title>
<meta http-equiv="Content-Type" content="text/html;charset=utf-8" />
  <meta name='ocr-system' content='tesseract 3.04.00' />
  <meta name='ocr-capabilities' content='ocr_page ocr_carea ocr_par ocr_line ocrx_word'/>
</head>
<body>
  <div class='ocr_page' id='page_1' title='image "./p1historiarumrom04livyuoft_0185.png"; bbox 0 0 1796 2929; ppageno 0'>
   <div class='ocr_carea' id='block_1_1' title="bbox 510 137 1452 180">
    <p class='ocr_par' dir='ltr' id='par_1_1' title="bbox 510 137 1452 180">
     <span class='ocr_line' id='line_1_1' title="bbox 510 137 1452 180; baseline 0.007 -11"><span class='ocrx_word' id='word_1_1' title='bbox 510 139 612 171; x_wconf 67' lang='lat' dir='ltr'>Liber</span> <span class='ocrx_word' id='word_1_2' title='bbox 636 139 764 171; x_wconf 76' lang='lat' dir='ltr'>xmv.</span> <span class='ocrx_word' id='word_1_3' title='bbox 813 139 877 179; x_wconf 77' lang='lat' dir='ltr'>(A.</span> <span class='ocrx_word' id='word_1_4' title='bbox 902 137 982 170; x_wconf 74' lang='lat' dir='ltr'>chr.</span> <span class='ocrx_word' id='word_1_5' title='bbox 1010 140 1105 180; x_wconf 67' lang='grc' dir='ltr'><strong>ιω.)</strong></span> <span class='ocrx_word' id='word_1_6' title='bbox 1387 143 1452 176; x_wconf 80' lang='lat'>151</span> 
     </span>
    </p>
   </div>
   <div class='ocr_carea' id='block_1_2' title="bbox 102 259 1514 308">
    <p class='ocr_par' dir='ltr' id='par_1_2' title="bbox 102 259 1514 308">
     <span class='ocr_line' id='line_1_2' title="bbox 102 259 1514 308; baseline -0.001 -13"><span class='ocrx_word' id='word_1_7' title='bbox 102 260 224 308; x_wconf 82' lang='lat' dir='ltr'>gentis</span> <span class='ocrx_word' id='word_1_8' title='bbox 256 266 457 308; x_wconf 88' lang='lat' dir='ltr'>utrumque</span> <span class='ocrx_word' id='word_1_9' title='bbox 488 261 749 305; x_wconf 80' lang='lat' dir='ltr'>auxiliaribus,</span> <span class='ocrx_word' id='word_1_10' title='bbox 782 259 958 307; x_wconf 82' lang='lat' dir='ltr'>praesidio</span> <span class='ocrx_word' id='word_1_11' title='bbox 989 272 1072 296; x_wconf 87' lang='lat' dir='ltr'>esse</span> <span class='ocrx_word' id='word_1_12' title='bbox 1096 261 1233 297; x_wconf 80' lang='lat' dir='ltr'>saltum</span> <span class='ocrx_word' id='word_1_13' title='bbox 1259 261 1514 308; x_wconf 69' lang='lat' dir='ltr'>aperientibus-</span> 
     </span>
    </p>
   </div>
   <div class='ocr_carea' id='block_1_3' title="bbox 103 329 1595 378">
    <p class='ocr_par' dir='ltr' id='par_1_3' title="bbox 103 329 1595 378">
     <span class='ocr_line' id='line_1_3' title="bbox 103 329 1595 378; baseline 0 -14"><span class='ocrx_word' id='word_1_14' title='bbox 103 329 227 365; x_wconf 87' lang='lat' dir='ltr'>iubet:</span> <span class='ocrx_word' id='word_1_15' title='bbox 272 329 377 377; x_wconf 81' lang='lat' dir='ltr'>ipse,</span> <span class='ocrx_word' id='word_1_16' title='bbox 417 330 562 377; x_wconf 84' lang='lat' dir='ltr'>equites</span> <span class='ocrx_word' id='word_1_17' title='bbox 603 330 950 378; x_wconf 77' lang='lat' dir='ltr'>impedimentaque</span> <span class='ocrx_word' id='word_1_18' title='bbox 980 342 1058 377; x_wconf 81' lang='lat' dir='ltr'>prae</span> <span class='ocrx_word' id='word_1_19' title='bbox 1089 342 1129 365; x_wconf 89' lang='lat' dir='ltr'>se</span> <span class='ocrx_word' id='word_1_20' title='bbox 1159 331 1316 375; x_wconf 76' lang='lat' dir='ltr'>liabens,</span> <span class='ocrx_word' id='word_1_21' title='bbox 1347 342 1431 366; x_wconf 89' lang='lat' dir='ltr'>cum</span> <span class='ocrx_word' id='word_1_22' title='bbox 1464 330 1514 365; x_wconf 84' lang='lat' dir='ltr'>le-</span> <span class='ocrx_word' id='word_1_23' title='bbox 1553 331 1595 365; x_wconf 84' lang='lat'>12</span> 
     </span>
    </p>
   </div>
   <div class='ocr_carea' id='block_1_4' title="bbox 98 399 1518 1908">
    <p class='ocr_par' dir='ltr' id='par_1_4' title="bbox 103 399 595 447">
     <span class='ocr_line' id='line_1_4' title="bbox 103 399 595 447; baseline 0 -13"><span class='ocrx_word' id='word_1_24' title='bbox 103 399 280 446; x_wconf 86' lang='lat' dir='ltr'>gionibus</span> <span class='ocrx_word' id='word_1_25' title='bbox 311 411 447 447; x_wconf 77' lang='lat' dir='ltr'>agmen</span> <span class='ocrx_word' id='word_1_26' title='bbox 481 399 595 447; x_wconf 85' lang='lat' dir='ltr'>cogit.</span> 
     </span>
    </p>

    <p class='ocr_par' dir='ltr' id='par_1_5' title="bbox 98 467 1518 1908">
     <span class='ocr_line' id='line_1_5' title="bbox 212 467 1514 506; baseline 0.002 -3"><span class='ocrx_word' id='word_1_27' title='bbox 212 468 486 505; x_wconf 83' lang='lat' dir='ltr'>Inenarrabilis</span> <span class='ocrx_word' id='word_1_28' title='bbox 517 468 627 504; x_wconf 83' lang='lat' dir='ltr'>labor</span> <span class='ocrx_word' id='word_1_29' title='bbox 657 467 973 504; x_wconf 73' lang='lat' dir='ltr'>descendentibus</span> <span class='ocrx_word' id='word_1_30' title='bbox 1003 481 1087 504; x_wconf 90' lang='lat' dir='ltr'>cum</span> <span class='ocrx_word' id='word_1_31' title='bbox 1120 469 1231 506; x_wconf 85' lang='lat' dir='ltr'>ruina</span> <span class='ocrx_word' id='word_1_32' title='bbox 1261 469 1514 505; x_wconf 82' lang='lat' dir='ltr'>iumentorum</span> 
     </span>
     <span class='ocr_line' id='line_1_6' title="bbox 102 536 1517 587; baseline 0.002 -15"><span class='ocrx_word' id='word_1_33' title='bbox 102 537 427 584; x_wconf 76' lang='lat' dir='ltr'>sarcinarumque.</span> <span class='ocrx_word' id='word_1_34' title='bbox 494 537 716 586; x_wconf 83' lang='lat' dir='ltr'>Progressis</span> <span class='ocrx_word' id='word_1_35' title='bbox 759 536 915 573; x_wconf 88' lang='lat' dir='ltr'>vixdum</span> <span class='ocrx_word' id='word_1_36' title='bbox 958 538 1016 573; x_wconf 93' lang='lat' dir='ltr'>IV</span> <span class='ocrx_word' id='word_1_37' title='bbox 1059 537 1164 574; x_wconf 82' lang='lat' dir='ltr'>milia</span> <span class='ocrx_word' id='word_1_38' title='bbox 1205 551 1385 587; x_wconf 82' lang='lat' dir='ltr'>passuum</span> <span class='ocrx_word' id='word_1_39' title='bbox 1425 539 1517 576; x_wconf 86' lang='lat' dir='ltr'>nihil</span> 
     </span>
     <span class='ocr_line' id='line_1_7' title="bbox 103 606 1514 656; baseline 0.001 -15"><span class='ocrx_word' id='word_1_40' title='bbox 103 606 307 654; x_wconf 78' lang='lat' dir='ltr'>optabilius</span> <span class='ocrx_word' id='word_1_41' title='bbox 341 619 422 642; x_wconf 91' lang='lat' dir='ltr'>esse</span> <span class='ocrx_word' id='word_1_42' title='bbox 454 619 567 654; x_wconf 81' lang='lat' dir='ltr'>quain</span> <span class='ocrx_word' id='word_1_43' title='bbox 595 606 730 650; x_wconf 77' lang='lat' dir='ltr'>redire,</span> <span class='ocrx_word' id='word_1_44' title='bbox 756 619 831 654; x_wconf 84' lang='lat' dir='ltr'>qua</span> <span class='ocrx_word' id='word_1_45' title='bbox 852 614 1047 650; x_wconf 82' lang='lat' dir='ltr'>venerant,</span> <span class='ocrx_word' id='word_1_46' title='bbox 1065 608 1094 643; x_wconf 89' lang='lat' dir='ltr'>si</span> <span class='ocrx_word' id='word_1_47' title='bbox 1115 615 1282 656; x_wconf 76' lang='lat' dir='ltr'>possent.</span> <span class='ocrx_word' id='word_1_48' title='bbox 1328 609 1514 645; x_wconf 83' lang='lat' dir='ltr'>Hostilem</span> 
     </span>
     <span class='ocr_line' id='line_1_8' title="bbox 103 676 1516 726; baseline 0.001 -14"><span class='ocrx_word' id='word_1_49' title='bbox 103 689 221 724; x_wconf 80' lang='lat' dir='ltr'>prope</span> <span class='ocrx_word' id='word_1_50' title='bbox 252 676 452 713; x_wconf 83' lang='lat' dir='ltr'>tumultum</span> <span class='ocrx_word' id='word_1_51' title='bbox 478 676 620 725; x_wconf 84' lang='lat' dir='ltr'>agmini</span> <span class='ocrx_word' id='word_1_52' title='bbox 650 677 840 725; x_wconf 82' lang='lat' dir='ltr'>elephanti</span> <span class='ocrx_word' id='word_1_53' title='bbox 867 677 1100 726; x_wconf 70' lang='lat' dir='ltr'>praebebant,</span> <span class='ocrx_word' id='word_1_54' title='bbox 1131 677 1208 724; x_wconf 79' lang='lat' dir='ltr'>qui,</span> <span class='ocrx_word' id='word_1_55' title='bbox 1238 678 1303 713; x_wconf 90' lang='lat' dir='ltr'>ubi</span> <span class='ocrx_word' id='word_1_56' title='bbox 1335 678 1381 713; x_wconf 84' lang='lat' dir='ltr'>ad</span> <span class='ocrx_word' id='word_1_57' title='bbox 1413 678 1516 713; x_wconf 77' lang='lat' dir='ltr'>invia</span> 
     </span>
     <span class='ocr_line' id='line_1_9' title="bbox 101 745 1515 795; baseline 0.001 -14"><span class='ocrx_word' id='word_1_58' title='bbox 101 753 306 789; x_wconf 83' lang='lat' dir='ltr'>venerant,</span> <span class='ocrx_word' id='word_1_59' title='bbox 337 745 491 782; x_wconf 84' lang='lat' dir='ltr'>deiectis</span> <span class='ocrx_word' id='word_1_60' title='bbox 522 746 754 791; x_wconf 81' lang='lat' dir='ltr'>rectoribus,</span> <span class='ocrx_word' id='word_1_61' title='bbox 798 759 882 783; x_wconf 86' lang='lat' dir='ltr'>curn</span> <span class='ocrx_word' id='word_1_62' title='bbox 916 746 1107 782; x_wconf 86' lang='lat' dir='ltr'>horrendo</span> <span class='ocrx_word' id='word_1_63' title='bbox 1139 746 1301 783; x_wconf 84' lang='lat' dir='ltr'>stridore</span> <span class='ocrx_word' id='word_1_64' title='bbox 1331 759 1515 795; x_wconf 85' lang='lat' dir='ltr'>pavorem</span> 
     </span>
     <span class='ocr_line' id='line_1_10' title="bbox 102 815 1516 863; baseline 0.001 -13"><span class='ocrx_word' id='word_1_65' title='bbox 102 815 316 863; x_wconf 85' lang='lat' dir='ltr'>ingentem,</span> <span class='ocrx_word' id='word_1_66' title='bbox 360 815 467 863; x_wconf 85' lang='lat' dir='ltr'>equis</span> <span class='ocrx_word' id='word_1_67' title='bbox 508 815 694 861; x_wconf 84' lang='lat' dir='ltr'>maxime,</span> <span class='ocrx_word' id='word_1_68' title='bbox 741 817 996 860; x_wconf 78' lang='lat' dir='ltr'>incutiebant,</span> <span class='ocrx_word' id='word_1_69' title='bbox 1042 816 1163 852; x_wconf 90' lang='lat' dir='ltr'>donec</span> <span class='ocrx_word' id='word_1_70' title='bbox 1200 817 1423 853; x_wconf 78' lang='lat' dir='ltr'>traducendi</span> <span class='ocrx_word' id='word_1_71' title='bbox 1452 828 1516 852; x_wconf 88' lang='lat' dir='ltr'>eos</span> 
     </span>
     <span class='ocr_line' id='line_1_11' title="bbox 103 884 1516 933; baseline 0 -13"><span class='ocrx_word' id='word_1_72' title='bbox 103 885 199 921; x_wconf 82' lang='lat' dir='ltr'>ratio</span> <span class='ocrx_word' id='word_1_73' title='bbox 230 885 323 920; x_wconf 85' lang='lat' dir='ltr'>inita</span> <span class='ocrx_word' id='word_1_74' title='bbox 353 891 420 920; x_wconf 85' lang='lat' dir='ltr'>est.</span> <span class='ocrx_word' id='word_1_75' title='bbox 467 885 544 921; x_wconf 90' lang='lat' dir='ltr'>Per</span> <span class='ocrx_word' id='word_1_76' title='bbox 571 885 739 932; x_wconf 85' lang='lat' dir='ltr'>proclive</span> <span class='ocrx_word' id='word_1_77' title='bbox 770 892 923 933; x_wconf 89' lang='lat' dir='ltr'>sumpto</span> <span class='ocrx_word' id='word_1_78' title='bbox 954 884 1124 933; x_wconf 83' lang='lat' dir='ltr'>fastigio,</span> <span class='ocrx_word' id='word_1_79' title='bbox 1156 885 1260 933; x_wconf 86' lang='lat' dir='ltr'>longi</span> <span class='ocrx_word' id='word_1_80' title='bbox 1292 886 1367 921; x_wconf 89' lang='lat' dir='ltr'>duo</span> <span class='ocrx_word' id='word_1_81' title='bbox 1400 885 1516 920; x_wconf 84' lang='lat' dir='ltr'>validi</span> 
     </span>
     <span class='ocr_line' id='line_1_12' title="bbox 103 953 1518 1003; baseline 0 -13"><span class='ocrx_word' id='word_1_82' title='bbox 103 966 251 991; x_wconf 78' lang='lat' dir='ltr'>asseres</span> <span class='ocrx_word' id='word_1_83' title='bbox 282 967 329 990; x_wconf 82' lang='lat' dir='ltr'>ex</span> <span class='ocrx_word' id='word_1_84' title='bbox 359 953 538 991; x_wconf 85' lang='lat' dir='ltr'>inferiore</span> <span class='ocrx_word' id='word_1_85' title='bbox 570 961 679 1003; x_wconf 82' lang='lat' dir='ltr'>parte</span> <span class='ocrx_word' id='word_1_86' title='bbox 706 955 743 990; x_wconf 92' lang='lat' dir='ltr'>in</span> <span class='ocrx_word' id='word_1_87' title='bbox 772 961 875 990; x_wconf 88' lang='lat' dir='ltr'>terra</span> <span class='ocrx_word' id='word_1_88' title='bbox 897 955 1174 1002; x_wconf 85' lang='lat' dir='ltr'>defigebantur,</span> <span class='ocrx_word' id='word_1_89' title='bbox 1206 955 1390 990; x_wconf 83' lang='lat' dir='ltr'>distantes</span> <span class='ocrx_word' id='word_1_90' title='bbox 1420 954 1518 990; x_wconf 89' lang='lat' dir='ltr'>inter</span> 
     </span>
     <span class='ocr_line' id='line_1_13' title="bbox 101 1023 1516 1072; baseline 0.001 -14"><span class='ocrx_word' id='word_1_91' title='bbox 101 1035 142 1059; x_wconf 82' lang='lat' dir='ltr'>se</span> <span class='ocrx_word' id='word_1_92' title='bbox 180 1023 310 1071; x_wconf 80' lang='lat' dir='ltr'>paullo</span> <span class='ocrx_word' id='word_1_93' title='bbox 348 1023 453 1071; x_wconf 87' lang='lat' dir='ltr'>plus,</span> <span class='ocrx_word' id='word_1_94' title='bbox 500 1036 615 1071; x_wconf 88' lang='lat' dir='ltr'>quam</span> <span class='ocrx_word' id='word_1_95' title='bbox 661 1031 805 1072; x_wconf 79' lang='lat' dir='ltr'>quanta</span> <span class='ocrx_word' id='word_1_96' title='bbox 849 1025 969 1061; x_wconf 82' lang='lat' dir='ltr'>beluae</span> <span class='ocrx_word' id='word_1_97' title='bbox 1015 1025 1178 1060; x_wconf 82' lang='lat' dir='ltr'>latitudo</span> <span class='ocrx_word' id='word_1_98' title='bbox 1223 1029 1291 1060; x_wconf 89' lang='lat' dir='ltr'>est.</span> <span class='ocrx_word' id='word_1_99' title='bbox 1369 1024 1411 1059; x_wconf 87' lang='lat' dir='ltr'>In</span> <span class='ocrx_word' id='word_1_100' title='bbox 1451 1036 1516 1060; x_wconf 89' lang='lat' dir='ltr'>eos</span> 
     </span>
     <span class='ocr_line' id='line_1_14' title="bbox 103 1093 1517 1142; baseline 0.001 -14"><span class='ocrx_word' id='word_1_101' title='bbox 103 1099 322 1129; x_wconf 83' lang='lat' dir='ltr'>transverso</span> <span class='ocrx_word' id='word_1_102' title='bbox 358 1093 600 1129; x_wconf 84' lang='lat' dir='ltr'>incumbente</span> <span class='ocrx_word' id='word_1_103' title='bbox 637 1094 764 1142; x_wconf 87' lang='lat' dir='ltr'>tigno,</span> <span class='ocrx_word' id='word_1_104' title='bbox 808 1106 913 1130; x_wconf 83' lang='lat' dir='ltr'>asses</span> <span class='ocrx_word' id='word_1_105' title='bbox 957 1095 1121 1130; x_wconf 86' lang='lat' dir='ltr'>tricenos</span> <span class='ocrx_word' id='word_1_106' title='bbox 1160 1093 1265 1142; x_wconf 84' lang='lat' dir='ltr'>longi</span> <span class='ocrx_word' id='word_1_107' title='bbox 1305 1094 1443 1142; x_wconf 61' lang='lat' dir='ltr'>pedes,</span> <span class='ocrx_word' id='word_1_108' title='bbox 1478 1101 1517 1129; x_wconf 89' lang='lat' dir='ltr'>ut</span> 
     </span>
     <span class='ocr_line' id='line_1_15' title="bbox 102 1162 1516 1212; baseline 0.001 -14"><span class='ocrx_word' id='word_1_109' title='bbox 102 1175 197 1211; x_wconf 86' lang='lat' dir='ltr'>pons</span> <span class='ocrx_word' id='word_1_110' title='bbox 228 1169 338 1206; x_wconf 73' lang='lat' dir='ltr'>esset,</span> <span class='ocrx_word' id='word_1_111' title='bbox 370 1162 676 1211; x_wconf 84' lang='lat' dir='ltr'>iniungebantur,</span> <span class='ocrx_word' id='word_1_112' title='bbox 707 1164 922 1212; x_wconf 89' lang='lat' dir='ltr'>humusque</span> <span class='ocrx_word' id='word_1_113' title='bbox 952 1163 1109 1212; x_wconf 88' lang='lat' dir='ltr'>insuper</span> <span class='ocrx_word' id='word_1_114' title='bbox 1138 1163 1377 1201; x_wconf 86' lang='lat' dir='ltr'>iniciebatur.</span> <span class='ocrx_word' id='word_1_115' title='bbox 1430 1164 1516 1200; x_wconf 88' lang='lat' dir='ltr'>Mo-</span> 
     </span>
     <span class='ocr_line' id='line_1_16' title="bbox 103 1232 1517 1281; baseline 0 -12"><span class='ocrx_word' id='word_1_116' title='bbox 103 1233 187 1269; x_wconf 88' lang='lat' dir='ltr'>dico</span> <span class='ocrx_word' id='word_1_117' title='bbox 220 1232 357 1268; x_wconf 89' lang='lat' dir='ltr'>deinde</span> <span class='ocrx_word' id='word_1_118' title='bbox 386 1232 488 1269; x_wconf 83' lang='lat' dir='ltr'>infra</span> <span class='ocrx_word' id='word_1_119' title='bbox 517 1233 719 1270; x_wconf 81' lang='lat' dir='ltr'>intervallo</span> <span class='ocrx_word' id='word_1_120' title='bbox 750 1233 883 1269; x_wconf 87' lang='lat' dir='ltr'>similis</span> <span class='ocrx_word' id='word_1_121' title='bbox 914 1233 1010 1270; x_wconf 83' lang='lat' dir='ltr'>alter</span> <span class='ocrx_word' id='word_1_122' title='bbox 1039 1245 1148 1281; x_wconf 85' lang='lat' dir='ltr'>pons,</span> <span class='ocrx_word' id='word_1_123' title='bbox 1179 1233 1266 1269; x_wconf 90' lang='lat' dir='ltr'>dein</span> <span class='ocrx_word' id='word_1_124' title='bbox 1296 1233 1450 1277; x_wconf 80' lang='lat' dir='ltr'>tertius,</span> <span class='ocrx_word' id='word_1_125' title='bbox 1480 1239 1517 1269; x_wconf 82' lang='lat' dir='ltr'>et</span> 
     </span>
     <span class='ocr_line' id='line_1_17' title="bbox 102 1302 1515 1351; baseline 0 -13"><span class='ocrx_word' id='word_1_126' title='bbox 102 1302 228 1351; x_wconf 85' lang='lat' dir='ltr'>plures</span> <span class='ocrx_word' id='word_1_127' title='bbox 258 1314 306 1338; x_wconf 81' lang='lat' dir='ltr'>ex</span> <span class='ocrx_word' id='word_1_128' title='bbox 336 1303 490 1346; x_wconf 88' lang='lat' dir='ltr'>ordine,</span> <span class='ocrx_word' id='word_1_129' title='bbox 532 1315 609 1350; x_wconf 88' lang='lat' dir='ltr'>qua</span> <span class='ocrx_word' id='word_1_130' title='bbox 652 1315 766 1351; x_wconf 88' lang='lat' dir='ltr'>rupes</span> <span class='ocrx_word' id='word_1_131' title='bbox 808 1303 967 1339; x_wconf 80' lang='lat' dir='ltr'>abscisae</span> <span class='ocrx_word' id='word_1_132' title='bbox 1004 1309 1132 1347; x_wconf 83' lang='lat' dir='ltr'>erant,</span> <span class='ocrx_word' id='word_1_133' title='bbox 1168 1303 1322 1339; x_wconf 79' lang='lat' dir='ltr'>fiebant.</span> <span class='ocrx_word' id='word_1_134' title='bbox 1383 1302 1515 1339; x_wconf 83' lang='lat' dir='ltr'>Solido</span> 
     </span>
     <span class='ocr_line' id='line_1_18' title="bbox 103 1371 1515 1420; baseline -0.001 -12"><span class='ocrx_word' id='word_1_135' title='bbox 103 1371 335 1420; x_wconf 84' lang='lat' dir='ltr'>procedebat</span> <span class='ocrx_word' id='word_1_136' title='bbox 364 1372 588 1420; x_wconf 84' lang='lat' dir='ltr'>elephantus</span> <span class='ocrx_word' id='word_1_137' title='bbox 633 1372 669 1408; x_wconf 87' lang='lat' dir='ltr'>in</span> <span class='ocrx_word' id='word_1_138' title='bbox 708 1380 882 1420; x_wconf 83' lang='lat' dir='ltr'>pontem3</span> <span class='ocrx_word' id='word_1_139' title='bbox 929 1373 1034 1408; x_wconf 89' lang='lat' dir='ltr'>cuius</span> <span class='ocrx_word' id='word_1_140' title='bbox 1064 1373 1286 1420; x_wconf 84' lang='lat' dir='ltr'>priusquam</span> <span class='ocrx_word' id='word_1_141' title='bbox 1322 1371 1360 1408; x_wconf 93' lang='lat' dir='ltr'>in</span> <span class='ocrx_word' id='word_1_142' title='bbox 1390 1378 1515 1408; x_wconf 87' lang='lat' dir='ltr'>extre-</span> 
     </span>
     <span class='ocr_line' id='line_1_19' title="bbox 105 1440 1518 1490; baseline -0.001 -13"><span class='ocrx_word' id='word_1_143' title='bbox 105 1454 206 1477; x_wconf 81' lang='lat' dir='ltr'>muni</span> <span class='ocrx_word' id='word_1_144' title='bbox 238 1441 482 1489; x_wconf 77' lang='lat' dir='ltr'>procederet,</span> <span class='ocrx_word' id='word_1_145' title='bbox 527 1442 683 1478; x_wconf 83' lang='lat' dir='ltr'>succisis</span> <span class='ocrx_word' id='word_1_146' title='bbox 721 1443 913 1479; x_wconf 82' lang='lat' dir='ltr'>asseribus</span> <span class='ocrx_word' id='word_1_147' title='bbox 953 1442 1158 1490; x_wconf 84' lang='lat' dir='ltr'>conlapsus</span> <span class='ocrx_word' id='word_1_148' title='bbox 1188 1453 1284 1490; x_wconf 91' lang='lat' dir='ltr'>pons</span> <span class='ocrx_word' id='word_1_149' title='bbox 1316 1453 1437 1488; x_wconf 87' lang='lat' dir='ltr'>usque</span> <span class='ocrx_word' id='word_1_150' title='bbox 1465 1440 1518 1476; x_wconf 80' lang='lat' dir='ltr'>ad</span> 
     </span>
     <span class='ocr_line' id='line_1_20' title="bbox 101 1510 1513 1560; baseline -0.001 -13"><span class='ocrx_word' id='word_1_151' title='bbox 101 1511 256 1547; x_wconf 79' lang='lat' dir='ltr'>alterius</span> <span class='ocrx_word' id='word_1_152' title='bbox 283 1511 430 1548; x_wconf 84' lang='lat' dir='ltr'>initium</span> <span class='ocrx_word' id='word_1_153' title='bbox 462 1512 588 1560; x_wconf 86' lang='lat' dir='ltr'>pontis</span> <span class='ocrx_word' id='word_1_154' title='bbox 619 1511 770 1560; x_wconf 85' lang='lat' dir='ltr'>prolabi</span> <span class='ocrx_word' id='word_1_155' title='bbox 801 1524 884 1548; x_wconf 90' lang='lat' dir='ltr'>eum</span> <span class='ocrx_word' id='word_1_156' title='bbox 917 1511 1051 1547; x_wconf 91' lang='lat' dir='ltr'>leniter</span> <span class='ocrx_word' id='word_1_157' title='bbox 1080 1513 1254 1559; x_wconf 83' lang='lat' dir='ltr'>cogebat.</span> <span class='ocrx_word' id='word_1_158' title='bbox 1328 1510 1409 1546; x_wconf 83' lang='lat' dir='ltr'>Alii</span> <span class='ocrx_word' id='word_1_159' title='bbox 1441 1511 1513 1545; x_wconf 89' lang='lat' dir='ltr'>ele-</span> 
     </span>
     <span class='ocr_line' id='line_1_21' title="bbox 100 1580 1514 1629; baseline -0.001 -13"><span class='ocrx_word' id='word_1_160' title='bbox 100 1581 232 1629; x_wconf 83' lang='lat' dir='ltr'>phanti</span> <span class='ocrx_word' id='word_1_161' title='bbox 272 1581 432 1629; x_wconf 91' lang='lat' dir='ltr'>pedibus</span> <span class='ocrx_word' id='word_1_162' title='bbox 473 1581 708 1625; x_wconf 75' lang='lat' dir='ltr'>insistentes,</span> <span class='ocrx_word' id='word_1_163' title='bbox 749 1580 814 1616; x_wconf 81' lang='lat' dir='ltr'>alii</span> <span class='ocrx_word' id='word_1_164' title='bbox 847 1581 1019 1617; x_wconf 87' lang='lat' dir='ltr'>clunibus</span> <span class='ocrx_word' id='word_1_165' title='bbox 1050 1580 1303 1625; x_wconf 78' lang='lat' dir='ltr'>subsidentes,</span> <span class='ocrx_word' id='word_1_166' title='bbox 1333 1580 1514 1628; x_wconf 86' lang='lat' dir='ltr'>prolabe-</span> 
     </span>
     <span class='ocr_line' id='line_1_22' title="bbox 100 1648 1514 1699; baseline -0.001 -12"><span class='ocrx_word' id='word_1_167' title='bbox 100 1652 250 1687; x_wconf 81' lang='lat' dir='ltr'>bantur.</span> <span class='ocrx_word' id='word_1_168' title='bbox 321 1650 398 1688; x_wconf 93' lang='lat' dir='ltr'>Ubi</span> <span class='ocrx_word' id='word_1_169' title='bbox 444 1650 622 1698; x_wconf 89' lang='lat' dir='ltr'>planities</span> <span class='ocrx_word' id='word_1_170' title='bbox 653 1650 775 1686; x_wconf 84' lang='lat' dir='ltr'>altera</span> <span class='ocrx_word' id='word_1_171' title='bbox 808 1648 974 1699; x_wconf 83' lang='lat' dir='ltr'>[pontis]</span> <span class='ocrx_word' id='word_1_172' title='bbox 1007 1649 1220 1698; x_wconf 84' lang='lat' dir='ltr'>excepisset</span> <span class='ocrx_word' id='word_1_173' title='bbox 1251 1662 1340 1694; x_wconf 89' lang='lat' dir='ltr'>eos,</span> <span class='ocrx_word' id='word_1_174' title='bbox 1383 1661 1514 1686; x_wconf 85' lang='lat' dir='ltr'>rursus</span> 
     </span>
     <span class='ocr_line' id='line_1_23' title="bbox 98 1719 1511 1768; baseline 0 -13"><span class='ocrx_word' id='word_1_175' title='bbox 98 1720 212 1756; x_wconf 88' lang='lat' dir='ltr'>simili</span> <span class='ocrx_word' id='word_1_176' title='bbox 240 1721 351 1757; x_wconf 84' lang='lat' dir='ltr'>ruina</span> <span class='ocrx_word' id='word_1_177' title='bbox 380 1719 571 1756; x_wconf 87' lang='lat' dir='ltr'>inferioris</span> <span class='ocrx_word' id='word_1_178' title='bbox 601 1720 729 1768; x_wconf 87' lang='lat' dir='ltr'>pontis</span> <span class='ocrx_word' id='word_1_179' title='bbox 761 1719 1044 1764; x_wconf 83' lang='lat' dir='ltr'>deferebantur,</span> <span class='ocrx_word' id='word_1_180' title='bbox 1074 1720 1196 1756; x_wconf 87' lang='lat' dir='ltr'>donec</span> <span class='ocrx_word' id='word_1_181' title='bbox 1228 1719 1277 1755; x_wconf 86' lang='lat' dir='ltr'>ad</span> <span class='ocrx_word' id='word_1_182' title='bbox 1307 1719 1511 1767; x_wconf 89' lang='lat' dir='ltr'>aequiorem</span> 
     </span>
     <span class='ocr_line' id='line_1_24' title="bbox 100 1788 1514 1842; baseline 0 -18"><span class='ocrx_word' id='word_1_183' title='bbox 100 1788 237 1825; x_wconf 83' lang='lat' dir='ltr'>vallem</span> <span class='ocrx_word' id='word_1_184' title='bbox 268 1795 491 1837; x_wconf 83' lang='lat' dir='ltr'>perventum</span> <span class='ocrx_word' id='word_1_185' title='bbox 524 1796 592 1825; x_wconf 88' lang='lat' dir='ltr'>est.</span> <span class='ocrx_word' id='word_1_186' title='bbox 655 1789 792 1826; x_wconf 83' lang='lat' dir='ltr'>Paullo</span> <span class='ocrx_word' id='word_1_187' title='bbox 824 1789 908 1838; x_wconf 89' lang='lat' dir='ltr'>plus</span> <span class='ocrx_word' id='word_1_188' title='bbox 939 1789 1021 1825; x_wconf 92' lang='lat' dir='ltr'>VII</span> <span class='ocrx_word' id='word_1_189' title='bbox 1053 1789 1157 1825; x_wconf 83' lang='lat' dir='ltr'>milia</span> <span class='ocrx_word' id='word_1_190' title='bbox 1189 1801 1228 1825; x_wconf 83' lang='lat' dir='ltr'>eo</span> <span class='ocrx_word' id='word_1_191' title='bbox 1257 1789 1318 1842; x_wconf 78' lang='lat' dir='ltr'>die</span> <span class='ocrx_word' id='word_1_192' title='bbox 1348 1789 1514 1825; x_wconf 84' lang='lat' dir='ltr'>Romani</span> 
     </span>
     <span class='ocr_line' id='line_1_25' title="bbox 98 1857 1513 1908; baseline 0 -14"><span class='ocrx_word' id='word_1_193' title='bbox 98 1866 374 1906; x_wconf 87' lang='lat' dir='ltr'>processerunt.</span> <span class='ocrx_word' id='word_1_194' title='bbox 444 1859 644 1895; x_wconf 85' lang='lat' dir='ltr'>Minimum</span> <span class='ocrx_word' id='word_1_195' title='bbox 686 1859 847 1908; x_wconf 86' lang='lat' dir='ltr'>pedibus</span> <span class='ocrx_word' id='word_1_196' title='bbox 884 1858 1028 1895; x_wconf 83' lang='lat' dir='ltr'>itineris</span> <span class='ocrx_word' id='word_1_197' title='bbox 1066 1857 1302 1901; x_wconf 70' lang='lat' dir='ltr'>confectum,</span> <span class='ocrx_word' id='word_1_198' title='bbox 1347 1858 1513 1906; x_wconf 88' lang='lat' dir='ltr'>plerum-</span> 
     </span>
    </p>
   </div>
   <div class='ocr_carea' id='block_1_5' title="bbox 100 1928 1512 1976">
    <p class='ocr_par' dir='ltr' id='par_1_6' title="bbox 100 1928 1512 1976">
     <span class='ocr_line' id='line_1_26' title="bbox 100 1928 1512 1976; baseline -0.001 -12"><span class='ocrx_word' id='word_1_199' title='bbox 100 1939 173 1975; x_wconf 89' lang='lat' dir='ltr'>que</span> <span class='ocrx_word' id='word_1_200' title='bbox 204 1928 475 1976; x_wconf 84' lang='lat' dir='ltr'>provolventes</span> <span class='ocrx_word' id='word_1_201' title='bbox 506 1941 546 1964; x_wconf 84' lang='lat' dir='ltr'>se</span> <span class='ocrx_word' id='word_1_202' title='bbox 577 1928 688 1964; x_wconf 86' lang='lat' dir='ltr'>simul</span> <span class='ocrx_word' id='word_1_203' title='bbox 719 1940 802 1964; x_wconf 86' lang='lat' dir='ltr'>cum</span> <span class='ocrx_word' id='word_1_204' title='bbox 837 1929 952 1964; x_wconf 78' lang='lat' dir='ltr'>armis</span> <span class='ocrx_word' id='word_1_205' title='bbox 987 1928 1148 1976; x_wconf 82' lang='lat' dir='ltr'>aliisque</span> <span class='ocrx_word' id='word_1_206' title='bbox 1179 1929 1383 1972; x_wconf 82' lang='lat' dir='ltr'>oneribus,</span> <span class='ocrx_word' id='word_1_207' title='bbox 1428 1940 1512 1964; x_wconf 86' lang='lat' dir='ltr'>cum</span> 
     </span>
    </p>
   </div>
   <div class='ocr_carea' id='block_1_6' title="bbox 98 2088 1513 2303">
    <p class='ocr_par' dir='ltr' id='par_1_7' title="bbox 98 2088 1513 2303">
     <span class='ocr_line' id='line_1_27' title="bbox 100 2088 1513 2131; baseline -0.003 -8"><span class='ocrx_word' id='word_1_208' title='bbox 100 2093 142 2123; x_wconf 89' lang='lat' dir='ltr'>V.</span> <span class='ocrx_word' id='word_1_209' title='bbox 170 2090 200 2128; x_wconf 88' lang='lat'>1,</span> <span class='ocrx_word' id='word_1_210' title='bbox 232 2094 242 2121; x_wconf 87' lang='grc'>1</span> <span class='ocrx_word' id='word_1_211' title='bbox 274 2091 465 2122; x_wconf 80' lang='lat' dir='ltr'>inerrabilis</span> <span class='ocrx_word' id='word_1_212' title='bbox 517 2095 533 2121; x_wconf 77' lang='lat'>‘2</span> <span class='ocrx_word' id='word_1_213' title='bbox 562 2090 725 2121; x_wconf 86' lang='lat' dir='ltr'>uixduum</span> <span class='ocrx_word' id='word_1_214' title='bbox 748 2090 752 2130; x_wconf 72' lang='lat' dir='ltr'>l</span> <span class='ocrx_word' id='word_1_215' title='bbox 776 2100 909 2131; x_wconf 74' lang='lat' dir='ltr'>passum</span> <span class='ocrx_word' id='word_1_216' title='bbox 960 2094 979 2120; x_wconf 89' lang='lat'>3</span> <span class='ocrx_word' id='word_1_217' title='bbox 1007 2090 1188 2121; x_wconf 80' lang='lat' dir='ltr'>obtabilius</span> <span class='ocrx_word' id='word_1_218' title='bbox 1208 2095 1298 2120; x_wconf 83' lang='lat' dir='ltr'>esset</span> <span class='ocrx_word' id='word_1_219' title='bbox 1347 2088 1379 2126; x_wconf 76' lang='grc'>2,</span> <span class='ocrx_word' id='word_1_220' title='bbox 1410 2092 1422 2119; x_wconf 86' lang='lat' dir='ltr'>l</span> <span class='ocrx_word' id='word_1_221' title='bbox 1454 2089 1513 2119; x_wconf 86' lang='lat' dir='ltr'>ho-</span> 
     </span>
     <span class='ocr_line' id='line_1_28' title="bbox 98 2146 1511 2189; baseline -0.002 -10"><span class='ocrx_word' id='word_1_222' title='bbox 98 2147 174 2179; x_wconf 85' lang='lat' dir='ltr'>stile</span> <span class='ocrx_word' id='word_1_223' title='bbox 200 2157 303 2189; x_wconf 80' lang='lat' dir='ltr'>prope</span> <span class='ocrx_word' id='word_1_224' title='bbox 327 2149 475 2179; x_wconf 87' lang='lat' dir='ltr'>tumultu</span> <span class='ocrx_word' id='word_1_225' title='bbox 557 2151 576 2178; x_wconf 83' lang='lat'><strong>2</strong></span> <span class='ocrx_word' id='word_1_226' title='bbox 605 2148 752 2189; x_wconf 80' lang='lat' dir='ltr'>elepanti</span> <span class='ocrx_word' id='word_1_227' title='bbox 815 2151 832 2177; x_wconf 88' lang='lat'>5</span> <span class='ocrx_word' id='word_1_228' title='bbox 861 2148 965 2178; x_wconf 79' lang='lat' dir='ltr'>inuita</span> <span class='ocrx_word' id='word_1_229' title='bbox 988 2153 1037 2178; x_wconf 85' lang='lat' dir='ltr'>cst</span> <span class='ocrx_word' id='word_1_230' title='bbox 1110 2147 1141 2185; x_wconf 76' lang='lat'>3,</span> <span class='ocrx_word' id='word_1_231' title='bbox 1171 2151 1184 2177; x_wconf 90' lang='lat' dir='ltr'>l</span> <span class='ocrx_word' id='word_1_232' title='bbox 1216 2146 1440 2177; x_wconf 77' lang='lat' dir='ltr'>ualidasseres</span> <span class='ocrx_word' id='word_1_233' title='bbox 1493 2150 1511 2176; x_wconf 84' lang='lat'><strong>2</strong></span> 
     </span>
     <span class='ocr_line' id='line_1_29' title="bbox 99 2202 1511 2246; baseline -0.001 -11"><span class='ocrx_word' id='word_1_234' title='bbox 99 2210 226 2245; x_wconf 80' lang='lat' dir='ltr'>partem</span> <span class='ocrx_word' id='word_1_235' title='bbox 307 2209 326 2235; x_wconf 84' lang='grc'><strong>3</strong></span> <span class='ocrx_word' id='word_1_236' title='bbox 354 2205 778 2246; x_wconf 79' lang='lat' dir='ltr'>quamquantauelatitudo</span> <span class='ocrx_word' id='word_1_237' title='bbox 860 2204 893 2240; x_wconf 86' lang='lat'>4.</span> <span class='ocrx_word' id='word_1_238' title='bbox 921 2208 940 2235; x_wconf 84' lang='lat'><strong>2</strong></span> <span class='ocrx_word' id='word_1_239' title='bbox 977 2205 1259 2244; x_wconf 83' lang='lat' dir='ltr'>tigncastrieenos</span> <span class='ocrx_word' id='word_1_240' title='bbox 1286 2203 1357 2245; x_wconf 69' lang='lat' dir='ltr'>My.</span> <span class='ocrx_word' id='word_1_241' title='bbox 1387 2202 1511 2244; x_wconf 73' lang='lat' dir='ltr'>(Gryn.</span> 
     </span>
     <span class='ocr_line' id='line_1_30' title="bbox 100 2260 1512 2303; baseline -0.001 -11"><span class='ocrx_word' id='word_1_242' title='bbox 100 2263 132 2292; x_wconf 86' lang='lat' dir='ltr'>in</span> <span class='ocrx_word' id='word_1_243' title='bbox 158 2272 214 2293; x_wconf 88' lang='lat' dir='ltr'>cos</span> <span class='ocrx_word' id='word_1_244' title='bbox 241 2264 424 2294; x_wconf 79' lang='lat' dir='ltr'>transversi</span> <span class='ocrx_word' id='word_1_245' title='bbox 450 2263 684 2294; x_wconf 86' lang='lat' dir='ltr'>incumbentes</span> <span class='ocrx_word' id='word_1_246' title='bbox 711 2263 795 2303; x_wconf 84' lang='lat' dir='ltr'>tigni</span> <span class='ocrx_word' id='word_1_247' title='bbox 822 2263 864 2293; x_wconf 78' lang='lat' dir='ltr'>ad</span> <span class='ocrx_word' id='word_1_248' title='bbox 893 2261 1054 2301; x_wconf 85' lang='lat' dir='ltr'>tricenos)</span> <span class='ocrx_word' id='word_1_249' title='bbox 1127 2265 1146 2292; x_wconf 90' lang='grc'>3</span> <span class='ocrx_word' id='word_1_250' title='bbox 1174 2261 1412 2301; x_wconf 82' lang='lat' dir='ltr'>iniungebatur</span> <span class='ocrx_word' id='word_1_251' title='bbox 1481 2260 1512 2294; x_wconf 85' lang='lat'>5.</span> 
     </span>
    </p>
   </div>
   <div class='ocr_carea' id='block_1_7' title="bbox 98 2321 1510 2429">
    <p class='ocr_par' dir='ltr' id='par_1_8' title="bbox 98 2321 1510 2429">
     <span class='ocr_line' id='line_1_31' title="bbox 100 2321 1510 2372; baseline -0.001 -11"><span class='ocrx_word' id='word_1_252' title='bbox 100 2337 118 2361; x_wconf 72' lang='lat'>2</span> <span class='ocrx_word' id='word_1_253' title='bbox 149 2332 233 2362; x_wconf 79' lang='lat' dir='ltr'>alter</span> <span class='ocrx_word' id='word_1_254' title='bbox 257 2336 334 2371; x_wconf 83' lang='lat' dir='ltr'>post</span> <span class='ocrx_word' id='word_1_255' title='bbox 412 2331 444 2370; x_wconf 87' lang='lat'>6,</span> <span class='ocrx_word' id='word_1_256' title='bbox 476 2335 487 2361; x_wconf 95' lang='grc'><strong>1</strong></span> <span class='ocrx_word' id='word_1_257' title='bbox 519 2321 642 2362; x_wconf 73' lang='lat' dir='ltr'>solitdo</span> <span class='ocrx_word' id='word_1_258' title='bbox 718 2335 736 2361; x_wconf 81' lang='lat'><strong>2</strong></span> <span class='ocrx_word' id='word_1_259' title='bbox 776 2331 987 2372; x_wconf 69' lang='lat' dir='ltr'>praecedebat</span> <span class='ocrx_word' id='word_1_260' title='bbox 1016 2329 1113 2362; x_wconf 85' lang='lat' dir='ltr'>Gron.</span> <span class='ocrx_word' id='word_1_261' title='bbox 1150 2331 1155 2369; x_wconf 92' lang='grc'>1</span> <span class='ocrx_word' id='word_1_262' title='bbox 1189 2329 1350 2370; x_wconf 83' lang='lat' dir='ltr'>elephans</span> <span class='ocrx_word' id='word_1_263' title='bbox 1378 2327 1510 2370; x_wconf 69' lang='lat' dir='ltr'>Kreyss.</span> 
     </span>
     <span class='ocr_line' id='line_1_32' title="bbox 98 2385 1508 2429; baseline -0.002 -10"><span class='ocrx_word' id='word_1_264' title='bbox 98 2387 218 2429; x_wconf 69' lang='lat' dir='ltr'>(Gryn.</span> <span class='ocrx_word' id='word_1_265' title='bbox 258 2387 410 2429; x_wconf 77' lang='lat' dir='ltr'>elephas)</span> <span class='ocrx_word' id='word_1_266' title='bbox 446 2390 448 2429; x_wconf 60' lang='grc' dir='ltr'>ζ</span> <span class='ocrx_word' id='word_1_267' title='bbox 487 2394 677 2419; x_wconf 88' lang='lat' dir='ltr'>extremum</span> <span class='ocrx_word' id='word_1_268' title='bbox 717 2389 849 2419; x_wconf 88' lang='lat' dir='ltr'>cederet</span> <span class='ocrx_word' id='word_1_269' title='bbox 914 2392 932 2419; x_wconf 89' lang='lat'><strong>3</strong></span> <span class='ocrx_word' id='word_1_270' title='bbox 969 2397 1173 2429; x_wconf 71' lang='lat' dir='ltr'>pon‚susque</span> <span class='ocrx_word' id='word_1_271' title='bbox 1212 2387 1349 2418; x_wconf 83' lang='lat' dir='ltr'>alterius</span> <span class='ocrx_word' id='word_1_272' title='bbox 1378 2385 1508 2427; x_wconf 71' lang='lat' dir='ltr'>Kreyss.</span> 
     </span>
    </p>
   </div>
   <div class='ocr_carea' id='block_1_8' title="bbox 99 2445 1511 2498">
    <p class='ocr_par' dir='ltr' id='par_1_9' title="bbox 99 2445 1511 2498">
     <span class='ocr_line' id='line_1_33' title="bbox 99 2445 1511 2498; baseline -0.001 -10"><span class='ocrx_word' id='word_1_273' title='bbox 99 2455 130 2493; x_wconf 82' lang='lat'>7,</span> <span class='ocrx_word' id='word_1_274' title='bbox 161 2460 172 2486; x_wconf 87' lang='lat' dir='ltr'>l</span> <span class='ocrx_word' id='word_1_275' title='bbox 203 2457 347 2498; x_wconf 81' lang='lat' dir='ltr'>elepauti</span> <span class='ocrx_word' id='word_1_276' title='bbox 404 2461 422 2488; x_wconf 79' lang='lat'>2</span> <span class='ocrx_word' id='word_1_277' title='bbox 449 2457 715 2498; x_wconf 83' lang='lat' dir='ltr'>prohibebantur</span> <span class='ocrx_word' id='word_1_278' title='bbox 763 2460 782 2487; x_wconf 88' lang='lat'><strong>3</strong></span> <span class='ocrx_word' id='word_1_279' title='bbox 810 2458 920 2498; x_wconf 87' lang='lat' dir='ltr'>pontis</span> <span class='ocrx_word' id='word_1_280' title='bbox 945 2457 1065 2487; x_wconf 81' lang='lat' dir='ltr'>notavit</span> <span class='ocrx_word' id='word_1_281' title='bbox 1091 2455 1161 2498; x_wconf 75' lang='lat' dir='ltr'>My.</span> <span class='ocrx_word' id='word_1_282' title='bbox 1186 2456 1190 2496; x_wconf 90' lang='grc' dir='ltr'>Ι</span> <span class='ocrx_word' id='word_1_283' title='bbox 1213 2445 1433 2498; x_wconf 67' lang='lat' dir='ltr'>excesspisset</span> <span class='ocrx_word' id='word_1_284' title='bbox 1492 2460 1511 2485; x_wconf 84' lang='lat'>4</span> 
     </span>
    </p>
   </div>
   <div class='ocr_carea' id='block_1_9' title="bbox 100 2523 1512 2634">
    <p class='ocr_par' dir='ltr' id='par_1_10' title="bbox 100 2523 1512 2634">
     <span class='ocr_line' id='line_1_34' title="bbox 101 2523 1512 2566; baseline 0 -12"><span class='ocrx_word' id='word_1_285' title='bbox 101 2523 177 2554; x_wconf 80' lang='lat' dir='ltr'>Post</span> <span class='ocrx_word' id='word_1_286' title='bbox 201 2524 437 2556; x_wconf 82' lang='lat' dir='ltr'>deserebantur</span> <span class='ocrx_word' id='word_1_287' title='bbox 460 2526 596 2566; x_wconf 76' lang='lat' dir='ltr'>spatium</span> <span class='ocrx_word' id='word_1_288' title='bbox 622 2536 755 2557; x_wconf 84' lang='lat' dir='ltr'>vacuum</span> <span class='ocrx_word' id='word_1_289' title='bbox 781 2531 826 2556; x_wconf 82' lang='lat' dir='ltr'>est</span> <span class='ocrx_word' id='word_1_290' title='bbox 848 2524 894 2556; x_wconf 74' lang='lat'>13</span> <span class='ocrx_word' id='word_1_291' title='bbox 918 2524 967 2556; x_wconf 74' lang='lat' dir='ltr'>vel</span> <span class='ocrx_word' id='word_1_292' title='bbox 990 2525 1034 2556; x_wconf 83' lang='lat'>15</span> <span class='ocrx_word' id='word_1_293' title='bbox 1060 2524 1230 2556; x_wconf 77' lang='lat' dir='ltr'>litterarum</span> <span class='ocrx_word' id='word_1_294' title='bbox 1261 2523 1264 2565; x_wconf 74' lang='grc' dir='ltr'><em>ξ</em></span> <span class='ocrx_word' id='word_1_295' title='bbox 1291 2525 1473 2566; x_wconf 85' lang='lat' dir='ltr'>aequiorem</span> <span class='ocrx_word' id='word_1_296' title='bbox 1502 2523 1512 2553; x_wconf 94' lang='lat' dir='ltr'>l</span> 
     </span>
     <span class='ocr_line' id='line_1_35' title="bbox 100 2581 1436 2634; baseline 0.001 -24"><span class='ocrx_word' id='word_1_297' title='bbox 100 2581 219 2612; x_wconf 83' lang='lat' dir='ltr'>uallem</span> <span class='ocrx_word' id='word_1_298' title='bbox 267 2582 299 2620; x_wconf 90' lang='lat'>8,</span> <span class='ocrx_word' id='word_1_299' title='bbox 329 2586 342 2613; x_wconf 89' lang='lat' dir='ltr'>l</span> <span class='ocrx_word' id='word_1_300' title='bbox 375 2591 443 2613; x_wconf 74' lang='lat' dir='ltr'>‘uir</span> <span class='ocrx_word' id='word_1_301' title='bbox 469 2583 522 2614; x_wconf 86' lang='lat' dir='ltr'>die</span> <span class='ocrx_word' id='word_1_302' title='bbox 553 2582 651 2615; x_wconf 79' lang='lat' dir='ltr'>Gron.</span> <span class='ocrx_word' id='word_1_303' title='bbox 713 2587 730 2613; x_wconf 84' lang='lat'>2</span> <span class='ocrx_word' id='word_1_304' title='bbox 757 2582 913 2623; x_wconf 87' lang='lat' dir='ltr'>pediibus</span> <span class='ocrx_word' id='word_1_305' title='bbox 939 2582 1114 2614; x_wconf 86' lang='lat' dir='ltr'>itineribus</span> <span class='ocrx_word' id='word_1_306' title='bbox 1161 2586 1180 2613; x_wconf 88' lang='lat'><strong>3</strong></span> <span class='ocrx_word' id='word_1_307' title='bbox 1207 2582 1255 2634; x_wconf 75' lang='lat' dir='ltr'>sie</span> <span class='ocrx_word' id='word_1_308' title='bbox 1278 2583 1283 2621; x_wconf 83' lang='lat'>1</span> <span class='ocrx_word' id='word_1_309' title='bbox 1305 2582 1436 2621; x_wconf 76' lang='lat' dir='ltr'>alisque</span> 
     </span>
    </p>
   </div>
   <div class='ocr_carea' id='block_1_10' title="bbox 1549 888 1569 922">
    <p class='ocr_par' dir='ltr' id='par_1_11' title="bbox 1549 888 1569 922">
     <span class='ocr_line' id='line_1_36' title="bbox 1549 888 1569 922; baseline 0 0"><span class='ocrx_word' id='word_1_310' title='bbox 1549 888 1569 922; x_wconf 82' lang='lat'><strong>3</strong></span> 
     </span>
    </p>
   </div>
   <div class='ocr_carea' id='block_1_11' title="bbox 1549 1029 1571 1062">
    <p class='ocr_par' dir='ltr' id='par_1_12' title="bbox 1549 1029 1571 1062">
     <span class='ocr_line' id='line_1_37' title="bbox 1549 1029 1571 1062; baseline 0 0"><span class='ocrx_word' id='word_1_311' title='bbox 1549 1029 1571 1062; x_wconf 82' lang='lat'><strong>4</strong></span> 
     </span>
    </p>
   </div>
   <div class='ocr_carea' id='block_1_12' title="bbox 1550 1166 1570 1199">
    <p class='ocr_par' dir='ltr' id='par_1_13' title="bbox 1550 1166 1570 1199">
     <span class='ocr_line' id='line_1_38' title="bbox 1550 1166 1570 1199; baseline 0 -2"><span class='ocrx_word' id='word_1_312' title='bbox 1550 1166 1570 1199; x_wconf 81' lang='lat'>5</span> 
     </span>
    </p>
   </div>
   <div class='ocr_carea' id='block_1_13' title="bbox 1548 1305 1569 1339">
    <p class='ocr_par' dir='ltr' id='par_1_14' title="bbox 1548 1305 1569 1339">
     <span class='ocr_line' id='line_1_39' title="bbox 1548 1305 1569 1339; baseline 0 0"><span class='ocrx_word' id='word_1_313' title='bbox 1548 1305 1569 1339; x_wconf 90' lang='grc'>6</span> 
     </span>
    </p>
   </div>
   <div class='ocr_carea' id='block_1_14' title="bbox 1550 1511 1567 1543">
    <p class='ocr_par' dir='ltr' id='par_1_15' title="bbox 1550 1511 1567 1543">
     <span class='ocr_line' id='line_1_40' title="bbox 1550 1511 1567 1543; baseline 0 0"><span class='ocrx_word' id='word_1_314' title='bbox 1550 1511 1567 1543; x_wconf 91' lang='grc'>7</span> 
     </span>
    </p>
   </div>
   <div class='ocr_carea' id='block_1_15' title="bbox 1602 465 1626 509">
    <p class='ocr_par' dir='ltr' id='par_1_16' title="bbox 1602 465 1626 509">
     <span class='ocr_line' id='line_1_41' title="bbox 1602 465 1626 509; baseline 0 0"><span class='ocrx_word' id='word_1_315' title='bbox 1602 465 1626 509; x_wconf 85' lang='grc'><strong>5</strong></span> 
     </span>
    </p>
   </div>
  </div>
 </body>
</html>
