1796 2929
174 367 222 412 18

227 1416 247 1449 0¹

229 1767 246 1799 x!

342 113 413 148 168
688 110 790 140 Liber
813 109 941 141 XLIV.
992 110 1053 150 (A.
1081 120 1112 141 u.
1141 120 1168 141 c.
1196 111 1292 151 585.)

279 238 393 268 natus
425 231 656 273 censuisset,
706 230 777 270 Cn.
809 231 994 269 Octavius
1025 233 1209 278 classem,
1254 234 1299 270 P.
1329 233 1514 270 Fonteius
1544 234 1689 282 Hispa-

280 301 395 343 niam,
428 300 676 335 ALAEbucius
706 300 881 346 Siciliam,
913 301 956 340 C.
974 303 1155 350 Papirius
1186 302 1403 340 Sardiniam
1434 311 1492 340 est
1520 304 1688 341 sortitus,

393 367 601 417 Extemplo
631 372 812 419 apparuit
842 372 1041 415 omnibus,
1092 385 1168 409 non
1207 373 1375 421 segniter
1406 372 1443 408 id
1473 372 1613 408 bellum
1646 372 1689 408 L.

278 436 480 473 AEmilium
512 445 728 486 gesturum,
777 449 1031 490 praeterquam
1071 443 1173 490 quod
1215 442 1302 478 talis
1342 442 1400 478 vir
1429 447 1531 486 erat,
1576 441 1688 477 etiam

281 506 383 552 quod
415 506 494 542 dies
526 517 734 557 noctesque
765 511 931 547 intentus
966 524 1012 548 ea
1042 511 1137 556 sola,
1171 523 1255 558 quae
1289 511 1337 547 ad
1367 511 1405 547 id
1435 511 1574 548 bellum
1606 524 1690 559 per-

280 575 455 620 tinerent,
488 577 616 614 animo
648 579 832 626 agitabat.
899 581 982 616 Iam
1015 581 1182 616 omnium
1215 581 1377 628 primum
1409 594 1433 617 a
1461 588 1594 617 senatu
1625 593 1690 629 pe-

279 644 351 688 tiit,
380 652 421 680 ut
451 646 599 694 legatos
629 648 666 683 in
689 648 959 686 Macedoniam
991 651 1183 687 mitterent
1212 651 1260 686 ad
1291 650 1481 687 exereitus
1511 650 1690 686 visendos

280 713 539 762 classemque,
585 724 619 752 et
651 725 834 766 conperta
864 718 1087 763 referenda,
1134 720 1223 767 quid
1255 728 1321 756 aut
1350 719 1592 756 terrestribus
1626 728 1692 756 aut

281 784 483 820 navalibus
519 786 638 834 copiis
673 799 770 835 opus
801 795 921 830 essen
972 796 1158 837 praeterea
1197 796 1238 824 ut
1276 789 1522 837 explorarent
1559 790 1690 837 copias

279 853 428 901 regias,
470 863 652 901 quantum
685 866 864 904 possent,
915 870 1067 905 quaque
1097 858 1297 906 provincia
1325 866 1469 904 nostra,
1514 871 1589 906 qua
1620 859 1690 894 ho-

279 923 391 959 stium
425 923 542 968 foret3
592 932 716 961 utrum
749 926 849 963 intra
879 927 999 963 saltus
1037 935 1164 963 eastra
1194 928 1358 964 Romani
1397 927 1601 970 haberent,
1641 940 1690 963 an

280 991 356 1028 iam
390 1005 521 1029 omnes
553 996 738 1044 angustiae
771 1004 1011 1045 exsuperatae
1042 1003 1156 1033 essent
1196 1005 1231 1033 et
1270 997 1307 1033 in
1351 1009 1461 1044 aequa
1490 996 1575 1032 loca
1605 1009 1690 1045 per—

282 1062 493 1107 venissent3
541 1065 604 1112 qui
635 1065 764 1102 fideles
795 1066 905 1102 nobis
936 1066 1052 1107 socii,
1097 1068 1160 1114 qui
1205 1067 1308 1103 dubii
1345 1078 1614 1114 suspensaeque
1643 1078 1690 1102 ex

280 1131 435 1168 fortuna
466 1134 575 1177 fidei,
625 1135 689 1182 qui
730 1136 821 1171 certi
862 1137 991 1172 hostes
1022 1137 1258 1179 videi-cutum
1308 1136 1439 1183 quanti
1485 1135 1691 1184 praeparati

280 1210 538 1247 commeatus,
584 1210 620 1239 et
651 1205 750 1240 unde
781 1206 949 1242 terrestri
980 1206 1132 1249 itinere,
1180 1207 1279 1243 unde
1322 1206 1485 1242 navibus
1528 1193 1690 1253 subpor—

280 1277 471 1315 tarentum
507 1273 597 1320 quid
629 1287 674 1310 ea
704 1282 835 1311 aestate
866 1282 969 1311 terra
999 1276 1171 1323 marique
1192 1289 1316 1312 rerum
1348 1282 1541 1324 gestarum
1574 1281 1691 1318 esset;

280 1353 328 1376 ex
359 1341 416 1377 his
448 1342 544 1378 bene
581 1344 743 1391 cognitis
784 1351 888 1381 certa
932 1345 969 1380 in
1014 1344 1184 1381 futurum
1231 1343 1390 1380 consilia
1436 1344 1521 1392 capi
1564 1356 1689 1392 posse.

282 1409 449 1447 Senatus
484 1410 554 1450 Cn.
587 1413 750 1450 Servilio
780 1414 924 1450 consuli
965 1414 1160 1462 negotium
1191 1413 1315 1457 dedit,
1360 1420 1400 1450 ut
1430 1413 1462 1450 is
1490 1414 1528 1449 in
1559 1414 1690 1450 Maee-

280 1480 459 1523 doniam,
505 1493 602 1529 quos
635 1483 677 1520 L.
710 1484 872 1520 AEmilio
902 1483 1114 1528 videretur,
1157 1483 1313 1531 legaret.
1396 1483 1531 1531 Legati
1577 1483 1692 1519 biduo

280 1555 367 1596 post
398 1550 558 1597 profecti
590 1550 659 1590 Cn.
692 1552 885 1590 Domitius
917 1554 1217 1597 Ahenobarbus,
1263 1555 1315 1591 A.
1347 1553 1516 1589 Licinius
1546 1553 1692 1596 Nerva,

281 1618 324 1654 L.
359 1619 524 1656 Baebius.
589 1621 656 1657 Bis
690 1622 726 1657 in
759 1623 862 1659 exitu
894 1624 982 1659 anni
1013 1623 1093 1659 eius
1122 1623 1333 1671 lapidatum
1366 1635 1449 1659 esse
1478 1623 1690 1658 nuntiatum

281 1695 349 1731 est,
379 1690 486 1724 semel
515 1690 551 1725 in
583 1691 760 1727 Romano
792 1704 906 1740 agro,
937 1693 1055 1730 semel
1085 1693 1122 1728 in
1154 1693 1327 1732 Veienti:
1368 1692 1425 1729 bis
1465 1692 1692 1729 novendiale

280 1769 431 1794 sacrum
478 1758 621 1796 factum
671 1768 738 1797 est.
818 1763 1048 1799 Sacerdotes
1092 1775 1136 1799 eo
1181 1774 1282 1798 anno
1327 1762 1466 1798 mortui
1511 1767 1598 1797 sunt
1645 1762 1690 1797 l’.

281 1826 508 1873 Quinctilius
541 1829 681 1874 Varus,
713 1832 850 1868 flamen
883 1832 1084 1875 Martialis,
1119 1839 1153 1868 et
1186 1832 1238 1869 M.
1258 1830 1442 1867 Claudius
1473 1831 1692 1874 Marcellus,

280 1897 485 1942 decemvir,
533 1898 570 1934 in
617 1900 723 1936 cuius
767 1901 892 1938 locum
925 1901 994 1938 Cn.
1027 1901 1213 1938 Octavius
1253 1900 1434 1937 suffectus
1465 1906 1533 1936 est.
1609 1900 1691 1936 Iam

281 2010 299 2037 :3
322 2007 513 2048 hispaniam
541 2019 568 2039 c.
596 2010 745 2050 papirius
795 2010 927 2048 XVIII,
955 2010 985 2047 1,
1007 2014 1017 2041 l
1037 2010 1205 2052 iapparuit
1244 2014 1262 2040 2
1279 2011 1368 2050 quod
1395 2010 1468 2041 aliis
1493 2008 1691 2040 uirForchh.

281 2076 399 2118 (Gr-yn.
418 2076 662 2118 alius)}eteam
713 2078 745 2116 2,
777 2083 787 2109 l
822 2085 890 2110 tam
918 2058 1186 2120 omninmlpetit
1201 2078 1289 2110 Duk.
1331 2083 1351 2109 4
1378 2084 1426 2109 est
1452 2076 1561 2119 Siqon.
1613 2077 1644 2114 3,
1675 2081 1693 2107 2

281 2153 417 2185 quaqua
457 2149 476 2176 3
503 2144 591 2185 sore!
608 2156 750 2177 romana
786 2152 805 2178 4
833 2154 1041 2188 exsuperatae
1065 2153 1097 2179 et
1112 2147 1184 2188 ssly·
1232 2147 1298 2185 4,l
1327 2147 1438 2177 nobiis
1465 2147 1564 2178 sociis
1587 2146 1591 2185 Ι
1613 2146 1692 2177 <lubi

283 2217 301 2243 4
333 2212 431 2244 Gron.
458 2220 591 2254 gestum
642 2219 659 2246 5
688 2205 802 2247 coerta
824 2217 828 2255 l
850 2225 949 2257 posse
975 2226 1011 2248 se
1036 2221 1128 2247 ratus
1163 2225 1213 2246 cn.
1243 2215 1379 2246 seruilio
1407 2214 1536 2246 Bekker
1572 2215 1691 2255 (Gryn.

282 2279 379 2310 posse
406 2278 507 2303 ratus.
562 2272 706 2305 Senatus
729 2272 790 2304 Cn.
809 2273 923 2311 Serv.)
974 2273 1006 2309 5,
1037 2277 1049 2304 1
1081 2274 1174 2304 dedit
1199 2273 1280 2304 utris
1307 2273 1339 2302 in
1404 2271 1436 2309 6,
1464 2276 1482 2302 2
1509 2272 1693 2303 henobarb'

283 2328 396 2369 (Gryn.
413 2329 555 2366 AEnob.)
570 2328 574 2369 1
589 2339 694 2361 nerva
715 2331 747 2361 al
762 2331 891 2362 baebius
921 2335 940 2362 3
956 2331 1171 2362 ibisineexitu
1189 2328 1192 2369 ἰ
1207 2330 1396 2361 nuntiatum
1417 2339 1488 2360 esse
1503 2330 1535 2360 in
1553 2338 1693 2360 romano

283 2394 366 2424 agro
393 2387 490 2417 simul
515 2388 548 2418 in
575 2388 764 2420 beientibus
791 2388 1008 2425 nouemdiale
1035 2387 1103 2419 Iac.
1124 2388 1220 2420 Gron.
1250 2387 1303 2427 (in
1317 2386 1450 2417 Veienti
1477 2386 1547 2426 bis)
1574 2392 1603 2417 et
1621 2385 1691 2427 My.

283 2441 612 2486 E111.57011.(Gryn.
630 2446 823 2476 nuntiatum
849 2452 909 2483 est,
935 2446 969 2476 in
995 2446 1034 2476 R.
1063 2455 1154 2485 agro.
1184 2445 1283 2476 simul
1311 2445 1344 2475 in
1359 2444 1568 2475 Veientibus.
1614 2442 1694 2474 Ma-

284 2499 387 2530 nutius
412 2501 515 2531 semel
547 2503 582 2532 in
608 2502 665 2539 V.)
713 2501 745 2540 7,
776 2507 788 2534 l
819 2503 898 2534 Post
922 2501 1057 2542 morJtui
1084 2508 1163 2534 sunt
1189 2503 1219 2533 in
1245 2501 1345 2533 medio
1372 2512 1461 2533 versu
1485 2501 1622 2542 spatium
1651 2507 1695 2531 est

284 2579 415 2600 vacuum
450 2569 558 2610 7fere
583 2570 766 2603 litterarum.
836 2576 853 2602 2
882 2577 913 2603 et
939 2561 1023 2612 (im.
1053 2571 1206 2602 claudius
1255 2574 1274 2601 3
1304 2570 1391 2601 xuiri
1420 2571 1452 2600 in
1473 2567 1479 2608 Ι
1499 2568 1636 2601 effectus
1663 2574 1695 2600 et

282 2627 350 2658 iam
379 2626 450 2668 My.
481 2626 596 2669 (Gr-yn.
624 2627 795 2660 suffectus.
849 2630 892 2661 Et
917 2629 1000 2668 iam)
