1753 2934
668 150 737 180 1251„
767 150 829 180 xx
851 149 994 180 --xxir
1426 153 1471 186 27

130 280 272 310 transiit.
333 278 393 311 Cn.
430 278 606 311 Cornelius
641 278 754 319 Scipio
790 279 822 309 in
857 279 1019 319 Hispania
1060 286 1175 311 contra
1211 280 1334 311 Poenos
1371 290 1530 321 prosper(-

130 342 303 382 pugnavit,
331 341 414 372 duce
441 340 586 371 hostium
615 337 800 379 Magonc¹)
827 347 934 380 capto.

671 469 732 500 EX
761 468 847 499 LIB.
875 468 986 498 XXII.

221 549 389 580 Hannibal
427 559 486 590 per
527 550 701 580 continuas
739 549 868 589 vigilias
910 549 940 578 in
981 548 1160 590 paludibus
1199 548 1297 578 oculo
1335 551 1457 581 amisso
1498 551 1528 580 in

128 610 293 642 Etruriam
313 613 412 647 venit,
440 620 498 651 per
523 621 604 650 quas
628 611 766 651 paludes
793 611 972 651 quatriduo
999 617 1030 639 et
1057 609 1161 640 tribus
1186 609 1339 640 noctibus
1366 611 1436 641 sinc
1461 611 1530 641 ulla

129 673 241 714 requic
268 674 329 704 iter
354 673 443 704 fecit.
495 672 532 703 C.
559 673 746 704 Flaminius
773 682 855 717 cos„
883 672 984 702 homo
1010 671 1215 708 temerarius,
1242 677 1355 702 contra
1382 673 1529 712 auspicia

127 733 296 774 profectus
323 735 427 775 siguis
453 734 653 765 militaribus
679 733 820 769 effossis,
847 742 919 773 quae
945 732 1018 762 tolli
1045 742 1110 762 non
1130 738 1294 773 poteraut,
1321 739 1352 763 et
1371 734 1413 763 ab
1432 744 1528 775 equo,

126 804 224 834 quem
252 795 505 832 conscenderat.
532 805 590 836 per
616 801 716 835 caput
741 794 926 825 devolutus.
955 794 1084 825 insidiis
1110 793 1151 824 ab
1170 793 1360 824 Hannibale
1388 795 1528 826 circum-

126 860 245 886 ventus
280 856 321 886 ad
356 856 625 887 Trasumennum
657 856 768 886 lacum
805 865 880 886 cum
919 855 1066 885 exercitu
1093 864 1196 885 caesus
1223 862 1288 892 est;
1322 865 1382 886 sex
1413 857 1527 897 millia,

127 926 199 956 quae
234 925 420 957 eruperant,
455 917 518 947 fide
552 917 592 947 ab
619 913 854 956 Adherbale2)
887 917 982 952 data,
1019 916 1157 955 perfidia
1182 916 1383 948 Hannibalis
1418 918 1529 949 vincta

126 983 213 1009 sunt.
267 977 375 1016 Quum
409 978 449 1009 ad
476 979 626 1009 nuntium
663 978 768 1008 cladis
795 978 912 1008 Romae
946 977 1054 1007 luctus
1083 983 1186 1013 esset,
1225 978 1299 1008 duae
1328 985 1452 1011 matres
1487 989 1526 1011 ex

126 1039 295 1080 insperato
338 1040 477 1080 receptis
514 1039 587 1070 filiis
622 1039 747 1079 gaudio
788 1047 924 1069 mortuae
965 1044 1052 1068 sunt.
1105 1037 1156 1069 Ob
1197 1039 1284 1069 hanc
1321 1040 1450 1071 cladem
1488 1051 1528 1072 ex

125 1101 300 1142 Sibyllinis
327 1101 420 1132 libris
446 1110 503 1131 ver
527 1110 656 1131 sacrum
684 1106 806 1131 votum.
863 1098 970 1136 Quum
998 1098 1119 1129 deinde
1149 1098 1187 1137 Q.
1208 1100 1335 1132 Fabius
1358 1101 1527 1134 Maximus

124 1161 268 1192 dictator
300 1162 458 1193 adversus
488 1162 716 1192 Hannibalem
752 1162 871 1192 missus
910 1160 1015 1191 nollet
1052 1161 1123 1192 acie
1159 1171 1232 1192 cum
1268 1172 1307 1194 eo
1338 1164 1527 1204 confligere.

125 1233 164 1253 ne.
190 1229 306 1253 contra
332 1222 473 1253 ferocem
500 1228 550 1253 tot
576 1223 720 1254 victoriis
749 1223 878 1254 hostem
913 1221 1034 1252 territos
1067 1223 1214 1254 adversis
1249 1224 1373 1264 proeliis
1406 1225 1527 1257 milites

122 1294 243 1325 pugnax
269 1285 501 1321 committeret,
530 1290 562 1314 et
585 1285 786 1324 opponendo
813 1293 846 1315 se
874 1289 1005 1314 tantum
1031 1289 1169 1315 conatus
1198 1285 1399 1317 Hannibalis
1425 1287 1529 1328 impc-

121 1346 223 1383 diret,
250 1346 296 1377 M.
318 1346 488 1376 Minucius
515 1345 674 1384 magister
699 1346 865 1384 equitum,
892 1342 987 1375 ferox
1013 1349 1045 1375 ct
1069 1347 1284 1384 temerarius,
1318 1348 1526 1379 criminando

123 1407 322 1437 dictatorcm
349 1412 506 1446 tanquam
533 1417 668 1447 segnem
696 1412 729 1436 et
754 1406 903 1436 timidum
931 1404 1052 1443 effecit,
1095 1411 1130 1437 ut
1158 1407 1272 1448 populi
1299 1408 1389 1439 iussu
1415 1418 1527 1449 aequa-

124 1473 215 1499 retur
240 1468 268 1498 ei
296 1477 368 1498 cum
396 1469 558 1498 dictatore
574 1468 769 1509 imperiunu
797 1467 968 1506 divisoque
995 1468 1154 1508 exercitu,
1182 1479 1282 1509 quum
1309 1469 1424 1510 iniquo
1450 1470 1525 1501 loco

125 1528 328 1560 conflixisset
354 1534 386 1558 et
411 1530 443 1559 in
462 1529 611 1559 maximo
637 1529 825 1559 discrimine
852 1528 1002 1568 legiones
1028 1529 1099 1560 eius
1126 1535 1245 1571 essent,
1272 1532 1525 1572 superveniente

123 1602 198 1623 cum
241 1591 388 1622 exercitu
421 1590 528 1620 Fabio
562 1590 714 1620 Maximo
758 1590 948 1620 discrimine
987 1589 1149 1621 liberatus
1186 1597 1245 1623 est.
1317 1591 1391 1630 Quo
1424 1593 1525 1624 bene-

123 1653 198 1683 ficio
231 1653 336 1683 victus
367 1656 478 1682 castra
512 1661 587 1682 eum
620 1661 660 1682 eo
685 1652 793 1682 iunxit
823 1657 853 1682 et
884 1657 1012 1691 patrem
1048 1662 1121 1683 eum
1157 1653 1332 1693 salutavit,
1370 1654 1524 1695 idemque

124 1713 232 1745 faeere
268 1713 390 1744 milites
428 1713 534 1744 iussit.
605 1712 789 1753 Hannibal,
827 1718 959 1743 vastata
995 1713 1190 1755 Campania,
1228 1715 1314 1746 inter
1339 1714 1524 1747 Casilinum

123 1775 282 1817 oppidum
312 1780 345 1805 ct
370 1772 570 1805 Calliculam
598 1778 746 1805 montem
774 1784 794 1804 a
818 1773 927 1805 Fabio
959 1775 1083 1813 clusus,
1118 1778 1293 1808 sarmentis
1325 1778 1366 1808 ad
1403 1787 1527 1808 cornua

122 1838 222 1869 boum
259 1836 405 1876 alligatis
443 1841 475 1866 et
515 1835 659 1866 incensis
700 1835 887 1876 pxaesidium
919 1835 1160 1876 Romanorum,
1201 1840 1289 1880 quod
1329 1839 1525 1871 Calliculam

97 1899 310 1937 insidebat,
350 1896 478 1937 fugavit
514 1901 546 1927 et
587 1896 635 1927 sic
675 1901 905 1936 transgressus
941 1903 992 1928 est
1026 1898 1159 1931 saltum.
1226 1900 1388 1941 Idemque
1426 1901 1525 1932 Fabii

124 1960 267 1992 Maximi
293 1959 482 1995 dictatoris,
510 1967 610 1998 quum
638 1957 873 1999 circumposita
898 1965 1027 1997 ureret,
1064 1970 1145 2000 agro
1172 1963 1340 2003 pepercit,
1372 1968 1409 1993 ut.
1432 1963 1525 1994 illum

122 2029 281 2063 tanquam
323 2021 526 2062 proditorem
569 2025 762 2060 suspectum
802 2019 938 2052 faceret.
1010 2021 1151 2053 AEmilio
1189 2023 1310 2054 deinde
1345 2023 1453 2055 Paulo
1495 2030 1525 2056 et

126 2083 280 2114 Terentio
321 2083 477 2113 Varrone
518 2090 601 2112 coss
641 2079 704 2121 [et]
743 2081 882 2112 ducibus
924 2091 1000 2112 cum
1043 2084 1188 2115 maxima
1226 2085 1321 2116 clade
1365 2071 1525 2117 adversus

123 2145 346 2176 Hannibalem
374 2144 415 2174 ad
445 2142 578 2173 Cannas
603 2148 788 2182 pugnatum
815 2149 881 2179 est,
916 2152 1066 2183 caesaque
1093 2155 1131 2176 eo
1156 2146 1274 2186 proelio
1299 2147 1525 2178 Romanorum

122 2207 220 2238 XLV
245 2216 320 2238 cum
347 2205 454 2237 Paulo
481 2204 620 2235 consule
647 2210 678 2234 et
703 2205 911 2235 senatoribus
937 2203 1001 2235 XC
1035 2211 1067 2236 et
1092 2207 1324 2239 consularibus
1357 2216 1415 2239 aut
1442 2218 1525 2249 prae-

122 2267 215 2299 toriis
241 2273 299 2298 aut
323 2266 475 2298 aediliciis
501 2266 614 2297 XXX.
671 2265 753 2296 Post
780 2275 853 2306 quae
879 2275 981 2306 quum
1008 2278 1028 2297 a
1052 2268 1223 2300 nobilibus
1255 2269 1524 2301 adolescentibus

121 2333 255 2368 propter
280 2329 546 2369 desperationem
572 2328 750 2358 consilium
777 2328 818 2358 de
843 2328 1062 2367 relinquenda
1085 2329 1182 2360 Italia
1206 2330 1355 2369 iniretur,
1381 2331 1418 2362 P.
1440 2330 1525 2363 Cor-

120 2389 226 2420 nelius
243 2388 354 2430 Scipio
381 2389 533 2421 tribunus
559 2390 714 2430 militum,
741 2390 797 2429 qui
817 2389 993 2420 Africanus
1018 2397 1137 2431 postea
1162 2398 1298 2424 vocatus
1323 2400 1382 2429 est,
1409 2394 1524 2425 stricto

122 2459 221 2491 super
246 2451 359 2492 capita
385 2452 642 2483 deliberantium
669 2432 768 2489 ferro,
806 2452 929 2482 iuravit
953 2461 987 2483 sc
1012 2462 1072 2493 pro
1097 2453 1193 2484 hoste
1218 2454 1413 2486 habiturum
1437 2464 1523 2493 eum,

122 2511 179 2551 qui
203 2512 238 2543 in
264 2502 366 2544 verba
392 2523 452 2544 sua
478 2524 544 2545 non
571 2513 729 2553 iurasset,
768 2512 962 2573 effecitque,
996 2518 1034 2545 ut
1071 2525 1187 2546 omnes
1214 2524 1279 2546 non
1305 2516 1457 2547 relictum
1484 2517 1524 2547 iri

194 2679 220 2709 ¹)
243 2680 380 2705 Hannone
399 2683 451 2706 Lir.
473 2691 496 2707 c.
515 2683 558 2707 60.
633 2681 659 2711 ³)
678 2680 838 2705 Maharbale
858 2683 910 2707 Lir.
931 2691 953 2707 c.
974 2683 998 2707 ⁶.
