1742 2902
153 1855 198 1890 to

305 132 348 167 16
664 128 765 160 Liber
789 127 882 159 xm.
937 128 995 167 (A.
1025 138 1054 160 a.
1083 137 1110 160 c.
1140 128 1235 169 578.)

241 251 352 287 rediit
395 250 554 286 confuso
597 251 704 287 vultu
747 258 783 288 et
820 252 998 300 exposuit
1035 252 1208 301 patribus
1248 252 1495 301 conscriptis,
1543 254 1654 291 bovis

242 321 468 362 sesecuarii,
517 332 627 368 quem
659 321 940 364 inmolavisset,
984 322 1088 358 iecur
1117 322 1334 360 defluxisse.
1398 322 1443 358 Id
1475 334 1516 359 se
1544 323 1655 360 victi-

241 389 362 425 mario
396 389 583 426 nuntianti
623 403 760 439 parum
799 392 1035 436 credentem,
1077 392 1201 440 ipsum
1241 404 1382 439 aquam
1423 391 1566 429 effundi
1605 406 1654 430 ex

239 459 327 502 olla,
358 459 423 495 ubi
455 466 545 495 exta
561 467 826 507 coquerentur,
856 461 1022 503 iussisse,
1053 468 1089 498 et
1118 461 1260 497 vidisse
1283 467 1447 498 ceteram
1466 462 1653 511 integram

238 535 386 576 partem
434 537 624 573 extorum,
671 530 776 567 iecur
819 543 932 567 omne
975 531 1221 568 inenarrabili
1265 532 1354 567 tabe
1396 532 1655 580 absumptum.

237 597 399 634 Tei-ritis
430 611 476 634 eo
518 600 692 648 prodigio
724 601 916 649 patribus,
947 607 983 636 et
1023 601 1119 637 alter
1156 601 1289 637 consul
1330 613 1460 637 curam
1503 601 1654 647 adiecit,

238 667 303 715 qui
335 679 399 710 se,
439 669 541 716 quod
573 677 687 718 caput
717 671 875 706 iocineri
905 670 1111 714 defuisset,
1149 670 1269 706 tribus
1300 671 1424 706 bubus
1454 671 1654 719 perlitasse

235 738 402 785 negavit.
462 738 626 775 Senatus
658 740 865 776 maioribus
895 740 1030 776 hostiis
1067 752 1187 787 usque
1216 739 1265 775 ad
1296 740 1503 776 litationem
1535 741 1653 777 sacri-

235 807 340 843 ficari
378 807 501 846 iussit.
564 807 710 845 Ceteris
751 810 822 846 diis
862 810 1079 858 perlitatum
1113 810 1262 851 ferunt:
1306 809 1430 847 Saluti
1471 811 1652 847 Petilium

234 877 435 924 perlitasse
465 885 618 927 negant.
686 880 782 916 lude
814 880 989 916 consules
1018 887 1280 928 praetoresque
1319 879 1540 928 provincias
1570 892 1652 916 sor-

235 945 305 981 titi.
364 947 465 983 Pisae
497 948 566 987 Cn.
599 948 800 990 Cornelio,
846 950 1004 998 Ligures
1043 950 1182 986 Petilio
1231 951 1481 987 obvenerunt.
1548 949 1653 985 Prae-

234 1020 337 1052 tores
394 1017 438 1054 L.
475 1019 654 1066 Papirius
694 1020 807 1055 Maso
851 1021 1061 1064 urbanam,
1105 1021 1159 1058 M.
1192 1020 1364 1056 Aburius
1408 1019 1505 1054 inter
1544 1030 1653 1067 pere-

234 1085 365 1133 grinos
411 1088 535 1124 sortiti
580 1095 679 1124 sunt.
758 1089 812 1125 M.
845 1088 1046 1126 Cornelius
1088 1089 1218 1137 Scipio
1259 1087 1538 1136 Maluginensis
1577 1087 1653 1124 Hi-

235 1157 408 1205 spaniam
441 1157 672 1201 ulteriorem,¹
707 1158 749 1194 L.
774 1159 954 1207 Aquilius
985 1159 1124 1196 Gallus
1155 1159 1323 1196 Siciliam
1357 1158 1502 1194 habuit.
1560 1157 1652 1194 Duo

235 1227 428 1275 deprecati
459 1235 566 1272 sunt,
596 1240 642 1265 ne
674 1228 711 1264 in
742 1229 961 1277 provincias
992 1229 1111 1273 irent,
1154 1230 1208 1265 M.
1240 1229 1414 1278 Popilius
1444 1229 1482 1265 in
1516 1228 1650 1266 Sardi-

233 1297 356 1333 niam:
406 1297 627 1334 Gracchum
674 1311 758 1335 eam
800 1298 1039 1346 provinciam
1084 1311 1245 1348 paeare3
1296 1299 1329 1335 ei
1368 1299 1417 1337 T.
1446 1298 1651 1335 AEbutium

233 1375 434 1415 praetorem
467 1368 681 1404 adiutorem
713 1370 761 1405 ab
793 1375 926 1404 senatu
958 1368 1088 1404 datum
1120 1381 1215 1405 esse.
1280 1369 1511 1417 Interrumpi
1545 1376 1653 1405 teno-

233 1451 313 1474 rem
346 1451 486 1482 rerum„
517 1439 554 1474 in
586 1439 723 1487 quibus
754 1439 982 1487 peragendis
1005 1438 1242 1475 continuatio
1272 1438 1356 1486 ipsa
1384 1438 1652 1475 efficacissima

234 1514 352 1553 esset,
400 1508 554 1544 minime
595 1510 811 1546 convenire.
888 1509 995 1545 Inter
1041 1508 1286 1544 traditionem
1321 1508 1469 1556 imperii
1500 1508 1650 1544 novita-

233 1585 387 1626 temque
417 1579 673 1621 successoris,
718 1591 801 1626 quse
832 1578 1033 1615 noscendis
1063 1579 1170 1627 prius
1201 1590 1316 1626 quam
1348 1578 1506 1626 agendis
1535 1578 1650 1615 rebus

231 1648 424 1684 inbuenda
454 1649 514 1693 sit,
559 1660 659 1697 saepe
703 1650 799 1685 bene
846 1649 1022 1697 gerendae
1060 1649 1114 1684 rei
1153 1648 1375 1685 occasiones
1413 1648 1648 1684 intercidere.

232 1718 408 1755 Probata
438 1718 566 1766 Popili
598 1719 796 1755 excusatio
827 1726 895 1754 est.
973 1719 1018 1755 P.
1054 1711 1222 1755 Licinius
1256 1717 1421 1755 Crassus
1451 1717 1649 1753 sacrificiis

231 1801 272 1825 se
317 1788 493 1836 impediri
537 1789 784 1825 sollemnibus
815 1789 1046 1832 excusabat,
1094 1800 1142 1824 ne
1191 1788 1228 1823 in
1279 1786 1517 1836 provinciam
1563 1786 1647 1823 iret.

231 1858 397 1896 Citerior
442 1858 632 1906 Hispania
679 1859 901 1894 obvenerat.
975 1857 1153 1894 Ceterum
1201 1863 1266 1893 aut
1311 1857 1366 1893 ire
1409 1857 1532 1894 iussus
1581 1863 1648 1893 aut

229 1929 357 1965 iurare
393 1942 464 1977 pro
495 1928 690 1973 contione,
722 1928 894 1964 sollemni
939 1927 1127 1964 sacrificio
1165 1939 1206 1963 se
1236 1927 1443 1976 prohiberi.
1505 1927 1550 1963 Id
1581 1926 1646 1963 ubi

227 2000 265 2036 in
297 2000 344 2037 P.
375 1999 522 2035 Licinio
554 1999 606 2034 ita
636 2005 820 2034 statutum
853 2003 931 2042 est,
962 2005 998 2034 et
1029 1998 1077 2033 ab
1108 2008 1150 2033 se
1179 1997 1233 2033 uti
1263 1997 1320 2033 ius
1347 1997 1550 2033 iurandum
1582 2009 1646 2034 ac-

229 2068 412 2115 ciperent,
443 2068 495 2103 M.
527 2066 728 2104 Cornelius
762 2067 984 2116 postulavit,
1014 2080 1061 2104 ne
1093 2067 1131 2103 in
1162 2067 1391 2116 Hispaniam
1423 2066 1643 2104 ulteriorem

229 2227 248 2255 3
276 2225 361 2255 redit
384 2225 388 2263 Ι
410 2224 699 2255 uouissescenaris
730 2223 884 2255 Groevius.
935 2227 955 2252 4
980 2222 1076 2252 iocur
1109 2219 1270 2261 (Perizon.
1299 2219 1502 2261 diffluxisse)
1563 2220 1595 2259 2,
1623 2223 1642 2251 2

228 2292 421 2333 aquaefundi
459 2297 478 2323 3
507 2293 595 2324 iusse
622 2298 654 2323 et
678 2293 802 2324 uidisse
828 2297 860 2323 et
885 2272 941 2321 uid
968 2296 1110 2321 ceteram
1150 2293 1169 2319 4
1194 2288 1483 2319 inenarrabilitate
1509 2287 1642 2331 Kreyss.

229 2349 347 2392 (Gryn.
375 2351 658 2387 inenarrabiliter)
708 2350 740 2388 3,
771 2353 782 2381 l
814 2349 947 2381 territus
973 2358 1013 2379 ea
1038 2347 1192 2389 prodigia
1229 2350 1247 2377 3
1265 2347 1404 2386 negabit
1449 2344 1483 2401 4,
1503 2349 1514 2376 l
1537 2346 1644 2378 hostis

228 2423 248 2451 3
275 2426 514 2460 praetoresquae
574 2419 606 2456 5,
638 2423 649 2449 l
679 2419 752 2460 pisa
774 2419 779 2458 Ι
800 2418 928 2459 paetitio
993 2418 1012 2446 2
1045 2416 1068 2447 l.
1095 2415 1238 2456 paetilius
1265 2425 1361 2446 maso
1393 2415 1398 2454 Ι
1427 2416 1642 2456 preregrinos

227 2481 246 2508 3
273 2475 312 2508 In
333 2477 579 2516 maluginensis
606 2475 661 2507 Iilt.
690 2487 823 2517 gsupra
848 2485 967 2507 versum
993 2473 1168 2514 adscripta.
1201 2473 1233 2510 6,
1249 2476 1267 2503 2
1283 2473 1463 2513 depraecati
1501 2476 1521 2504 3
1543 2483 1643 2513 grac-

226 2544 301 2566 cum
325 2535 330 2573 Ι
352 2544 474 2575 pacare
501 2541 533 2565 et
559 2544 586 2565 c.
614 2535 763 2565 ebutium
794 2533 892 2575 (ἔν-μη.
921 2533 998 2571 (T.)
1024 2538 1054 2563 et
1081 2530 1180 2563 Gron.
1232 2529 1263 2568 7,
1283 2534 1302 2560 2
1322 2530 1385 2570 ipsi
1423 2530 1455 2564 8,
1486 2534 1498 2562 l
1522 2531 1642 2571 imperi

226 2596 245 2624 2
273 2602 304 2633 q.
333 2592 513 2623 noscendis
563 2595 582 2622 3
619 2592 790 2632 inpuenda
812 2593 816 2631 l
839 2591 1055 2623 occansiones
1093 2588 1301 2620 intercedere
1365 2587 1397 2626 9,
1438 2591 1451 2618 l
1481 2587 1642 2620 sacrificis

225 2662 280 2700 10,
310 2665 322 2693 l
355 2668 414 2693 aut
438 2662 510 2692 iure
559 2664 578 2691 3
605 2661 820 2692 iureiurando
