1753 2934
660 171 734 202 Lib.
763 169 881 202 Clv-
893 169 1018 202 CVIII.
1439 175 1487 210 67

148 301 268 332 ductus
293 306 351 332 est.
405 302 444 331 A.
466 299 630 332 Gabinius
650 311 777 342 procos.
798 301 1018 333 Ptolemaeum
1038 302 1170 332 reduxit
1188 302 1219 331 in
1238 310 1377 347 ¹regnum
1393 301 1544 343 AEgypti,

147 363 255 393 eiecto
285 361 469 397 Archelao,
509 371 607 401 quem
642 362 703 393 sibi
736 371 848 401 regem
887 362 1108 394 adsciverant.
1169 363 1277 393 Victis
1303 361 1478 394 Germanis
1511 364 1542 394 in

147 422 259 456 Gallia
293 421 406 453 Coesar
443 423 595 454 Rhenum
639 423 846 453 transcendit
886 430 917 453 et
957 424 1144 464 proximam
1186 431 1313 464 partem
1357 423 1544 455 Germaniae

147 484 286 520 domuit,
313 493 351 514 ae
375 483 494 514 deinde
514 483 649 515 Oceano
667 485 699 514 in
717 483 940 514 Brittanniam
960 485 1067 525 primo
1093 495 1207 525 parum
1235 495 1390 526 prospere
1417 492 1543 527 tempe-

145 544 287 576 statibus
312 545 456 576 adversis
481 544 621 581 traiecit,
646 545 764 575 iterum
791 544 931 581 felicius,
958 555 1147 586 magnaque
1170 547 1381 578 multitudine
1400 547 1541 578 hostium

145 615 244 646 caesa,
269 606 415 646 aliquam
442 612 569 646 partem
596 606 714 637 insulae
739 606 771 636 in
799 612 995 647 potestatem
1022 607 1160 646 redegit.

699 712 762 744 EX
789 713 874 744 LIB.
903 712 992 744 CVI.

239 788 327 819 Iulia
354 788 496 819 Caesaris
520 788 600 826 filia,
626 789 780 830 Pompeii
807 799 900 826 uxor,
927 789 1080 826 decessit,
1114 788 1289 828 honosque
1314 789 1344 819 ei
1371 800 1389 820 a
1417 791 1542 831 populo

142 849 278 880 habitus
305 856 372 887 est,
407 856 441 880 ut
466 851 498 880 in
526 860 644 892 campo
670 851 794 881 Martio
819 851 1023 891 sepeliretur.
1074 849 1247 881 Gallorum
1275 851 1403 891 aliquot
1428 852 1541 892 populi

146 910 344 950 Ambiorige
370 912 472 947 duce,
511 922 580 952 refle
606 911 821 949 Eburonum,
858 911 1067 948 defecerunt3
1103 921 1120 941 a
1147 912 1266 952 quibus
1293 911 1392 943 Cotta
1426 920 1458 943 et
1486 912 1540 943 Ti·
1565 926 1572 933 ·

143 971 260 1008 turius,
287 972 387 1012 legati
415 971 570 1011 Caesaris,
598 973 812 1003 circumventi
840 973 968 1004 insidiis
996 982 1068 1003 cum
1096 974 1255 1009 exercitu,
1289 974 1339 1003 eui
1368 982 1541 1014 praeerant,

143 1034 219 1064 caesi
238 1039 324 1064 sunt.
375 1033 419 1064 Et
446 1043 546 1074 quum
574 1034 712 1064 aliarum
740 1044 872 1075 quoque
893 1034 1062 1073 legionum
1079 1040 1188 1064 castra
1206 1042 1399 1075 oppugnata
1418 1046 1541 1076 niagno

141 1094 258 1125 labore
285 1094 424 1126 defensa
451 1100 571 1133 essent,
612 1095 697 1125 inter
722 1105 794 1136 quae
820 1096 905 1133 eius,
937 1095 988 1125 eui
1015 1095 1048 1124 in
1070 1094 1221 1126 Treveris
1247 1103 1387 1135 praeerat
1414 1096 1454 1135 Q.
1485 1097 1541 1128 Ci-

142 1164 230 1193 cero,
269 1156 310 1186 ab
347 1157 420 1197 ipso
449 1155 581 1186 Caesare
620 1156 734 1187 hostes
769 1157 888 1197 proelio
921 1156 986 1187 fusi
1020 1162 1106 1188 sunt.
1170 1156 1217 1187 M.
1247 1156 1388 1188 Crassus
1415 1159 1539 1190 bellum

141 1215 275 1246 Parthis
302 1216 456 1247 illaturus
481 1216 677 1257 Euphraten
704 1216 828 1247 flumen
854 1218 1000 1253 transiit,
1044 1219 1217 1258 victusque
1242 1219 1376 1259 proelio,
1414 1220 1447 1250 in
1474 1230 1540 1260 quo

141 1281 174 1307 et
198 1277 284 1308 filius
312 1278 381 1308 eius
416 1279 553 1318 cecidit,
596 1288 697 1319 quum
730 1279 887 1319 reliquias
928 1279 1094 1310 exereitus
1129 1281 1161 1310 in
1196 1280 1314 1310 collem
1349 1281 1539 1321 recepisset,

140 1345 298 1370 evocatus
323 1339 356 1369 in
384 1340 589 1379 colloquium
616 1340 658 1370 ab
684 1340 837 1370 hostibus
855 1340 945 1369 velut
972 1341 1012 1370 de
1037 1351 1118 1382 pace
1144 1342 1278 1378 acturis,
1305 1351 1444 1382 quorum
1471 1343 1541 1374 dux

141 1405 213 1430 erat
240 1400 406 1437 Surenas,
446 1401 706 1442 comprehensus
739 1407 787 1439 et,
830 1411 872 1432 ne
899 1402 978 1442 quid
1005 1403 1096 1434 vivus
1120 1409 1306 1444 pateretur,
1349 1414 1540 1445 repugnans

139 1460 334 1492 interfectus
361 1467 421 1492 est.

681 1530 745 1562 EX
771 1531 857 1562 LIB.
885 1530 993 1562 CVII.

237 1605 273 1636 C.
291 1605 414 1643 Caesar,
442 1607 599 1637 Treveris
625 1607 657 1637 in
687 1607 796 1638 Gallia
821 1608 927 1639 victis.
956 1608 1075 1638 iterum
1102 1608 1135 1638 in
1151 1606 1366 1639 Germaniam
1396 1611 1537 1648 transiit,

139 1666 299 1708 nulloque
326 1667 369 1698 ibi
396 1667 492 1698 hoste
517 1667 663 1705 invento,
690 1678 841 1699 reversus
870 1669 902 1698 in
931 1668 1073 1699 Galliam
1088 1668 1266 1701 Eburonas
1292 1676 1324 1700 et
1348 1670 1430 1701 alias
1458 1672 1539 1702 civi-

138 1734 236 1766 tates,
262 1738 336 1770 quae
361 1729 648 1768 conspiraverant,
686 1730 765 1760 vicit
791 1736 821 1761 et
850 1729 1079 1767 Ambiorigem
1106 1729 1139 1759 in
1167 1729 1248 1769 suga
1269 1731 1400 1771 frustra
1425 1741 1537 1772 perse-

137 1796 234 1821 cutus
261 1795 320 1821 est.
371 1790 409 1820 P.
438 1789 548 1821 Clodii
575 1800 594 1820 a
620 1790 660 1821 T.
691 1791 801 1820 Annio
828 1790 964 1826 Milone,
990 1792 1167 1822 candidato
1193 1793 1399 1830 consulatus,
1430 1795 1538 1834 Appia

137 1851 189 1881 via
215 1852 256 1881 ad
272 1851 420 1882 Bovillas
438 1851 538 1881 occisi
556 1860 676 1892 corpus
702 1852 795 1892 plebs
822 1852 855 1882 in
881 1853 972 1882 curia
998 1852 1166 1883 cremavit.
1217 1852 1327 1891 Quum
1355 1855 1537 1886 seditiones

136 1912 224 1943 inter
250 1912 446 1942 candidatos
472 1912 667 1942 consulatus
694 1913 884 1953 Hypsaenm,
911 1913 1113 1954 Scipionem,
1145 1914 1304 1945 Milonem
1334 1922 1452 1952 essent,
1479 1916 1536 1957 qui

136 1973 239 2004 armis
272 1983 311 2003 ac
336 1973 366 2003 vi
394 1972 655 2009 contendebant,
694 1974 734 2003 ad
773 1975 1040 2014 comprimendas
1073 1984 1129 2006 cas
1155 1974 1216 2006 Cn.
1243 1975 1442 2017 Pompeius,
1479 1979 1536 2008 de-

135 2034 205 2065 lato
241 2033 270 2064 ei
302 2043 321 2063 a
356 2039 474 2064 senatu
508 2033 686 2071 consulatu,
722 2035 838 2065 consul
873 2036 970 2065 tertio
1002 2035 1110 2067 faetus
1145 2045 1196 2068 est
1228 2038 1349 2068 absens
1375 2044 1407 2069 et
1432 2039 1534 2080 solus,

136 2096 224 2137 quod
250 2095 332 2125 nulli
359 2095 415 2125 alii
442 2105 588 2135 unquam
616 2096 751 2137 conrasit.
803 2096 997 2134 Quaestione
1027 2099 1158 2128 decreta
1178 2099 1219 2129 de
1239 2105 1344 2129 morte
1359 2100 1396 2130 P.
1412 2099 1534 2139 Clodii,

135 2156 221 2188 Milo
247 2157 372 2187 iudicio
398 2157 574 2188 damnatus
606 2158 638 2187 in
666 2157 818 2188 exsilium
847 2165 941 2188 actus
969 2165 1027 2189 est.
1076 2159 1149 2190 Lex
1182 2160 1248 2190 lata
1282 2167 1342 2192 est.
1377 2168 1413 2191 ut
1449 2163 1534 2193 ratio

134 2218 282 2250 absentis
309 2216 450 2249 Caesaris
482 2218 516 2248 in
552 2218 713 2259 petitione
747 2219 941 2250 consulatus
968 2220 1166 2261 haberetur,
1205 2222 1310 2252 invito
1343 2229 1374 2252 et
1401 2230 1535 2253 eontra.-

135 2280 266 2311 dicente
292 2280 340 2311 M.
368 2279 508 2311 Catone.
557 2280 723 2310 Praeterea
749 2289 799 2311 res
823 2287 935 2319 gestas
961 2292 979 2312 a
1005 2280 1043 2313 C.
1067 2282 1198 2314 Caesare
1225 2284 1385 2314 adversus
1404 2282 1533 2322 Gallos,

134 2342 189 2382 qui
215 2351 320 2382 prope
346 2341 490 2371 universi
518 2340 820 2380 Veningentorige
847 2342 1001 2373 Arverno
1027 2345 1111 2375 duee
1138 2344 1342 2382 defecerunt,
1379 2352 1411 2376 et
1437 2346 1534 2376 labo·

133 2403 237 2434 riosas
272 2403 464 2434 obsidiones
497 2403 628 2433 urbium
663 2402 830 2435 continet.
868 2404 955 2434 inter
988 2415 1071 2445 quas
1103 2406 1242 2438 Avarici
1274 2407 1465 2447 Biturigum
1501 2413 1533 2438 et

134 2462 312 2504 Gergoviae
342 2464 583 2495 Arvernorum.

665 2546 727 2578 EX
754 2547 842 2581 121ss.
867 2546 992 2580 CVIII.

227 2621 266 2654 C.
292 2623 404 2655 Caesar
425 2623 542 2655 Gallos
568 2624 609 2654 ad
638 2623 788 2654 Alesiam
814 2625 892 2654 vicit
916 2635 1098 2667 omnesque
1126 2627 1245 2658 Galliae
1270 2629 1432 2664 civitates.
1458 2638 1531 2668 quae

130 2684 166 2715 in
183 2685 283 2716 armis
300 2683 443 2726 fuerant,
469 2686 504 2716 in
529 2685 732 2716 deditionem
757 2686 899 2726 accepit.
951 2686 988 2718 C.
1007 2687 1154 2728 Cassius,
1181 2697 1326 2731 quaestor
1341 2691 1388 2721 M.
1407 2689 1532 2728 Crassi,

1230 2750 1269 2782 5*
