1742 2902
429 129 531 163 Liber
555 129 683 160 XLIII.
746 129 808 170 (A.
837 128 916 161 Chr.
948 129 1042 170 171.)
1316 132 1390 168 119

34 265 106 302 que
135 251 300 295 credere,
333 249 469 287 Carnis
501 250 661 287 forsitan
694 257 759 286 aut
785 251 927 287 Ilistris
958 252 1097 288 bellum
1129 250 1301 290 inlatum.
1343 252 1444 288 Tum

31 321 310 370 Aquileienses,
344 320 435 356 nihil
475 333 516 356 se
547 320 646 356 ultra
676 320 772 356 scire
802 332 871 355 nec
902 321 1043 357 audere
1074 321 1298 367 adfirmare,
1330 334 1446 369 quam

31 391 157 430 XXX
182 391 326 425 dierum
356 390 587 426 frumentum
620 389 726 425 militi
760 390 890 425 datum
923 397 959 426 ct
991 391 1130 435 duces,
1163 391 1227 438 qui
1257 404 1305 427 ex
1332 391 1447 427 Italia

0 470 1 511 j
30 459 165 498 itinera
186 460 223 495 in
241 460 508 495 Macedoniam
532 467 698 504 nossent,
728 460 962 507 conquisitos
993 461 1268 507 abductosque.
1314 461 1446 496 Enim·

0 526 1 580 ζ
30 541 121 567 vero
151 537 305 564 senatus
336 529 538 576 indignari,
570 536 715 564 tantum
743 529 936 565 consulem
964 542 1113 573 ausum,
1145 538 1184 565 ut
1214 543 1322 566 suam
1355 543 1445 578 pro·

0 597 190 636 'vinciam
222 599 470 647 relinqueret,
505 599 542 634 in
574 599 736 635 alienam
769 599 967 643 transiret,
1007 600 1214 636 exercitum
1247 612 1348 635 novo
1380 612 1445 648 pe-

0 668 263 716 ÷riculosoque
302 669 434 705 itincre
471 669 569 704 inter
608 677 760 705 exteras
790 677 923 717 gentes
954 667 1121 714 duceret,
1156 669 1258 705 viam
1291 676 1345 704 tot
1376 682 1445 705 na—

0 736 192 774 :tionibus
239 738 275 773 in
319 739 472 775 Italiam
519 739 696 787 aperiret.
771 740 991 775 Decernunt
1035 738 1275 786 frequentes,
1319 746 1360 774 ut.
1400 738 1444 777 C.

0 806 217 856 ‘Sulpicius
259 815 400 856 praetor
439 816 514 844 tres
555 821 602 844 ex
639 816 773 844 senatu
805 808 976 844 nominet
1003 809 1173 856 legatos,
1214 809 1278 856 qui
1309 821 1353 845 eo
1385 809 1446 845 die

25 877 318 926 proficiscantur
350 892 397 914 ex
419 880 513 914 urbe
537 885 584 923 et,
617 886 799 926 quantum
830 878 1051 913 adcelerare
1075 879 1235 926 possint,
1266 878 1443 915 Cassium

26 948 242 993 consulem,
288 948 516 995 ubicumque
545 947 612 992 sit.
650 956 946 996 persequantur3
988 948 1182 992 nuntient,
1223 960 1270 983 ne
1301 949 1441 984 bellum

27 1029 110 1055 cum
143 1018 219 1053 ulla
245 1025 357 1066 gente
388 1024 562 1061 moveat,
602 1017 674 1053 nisi
705 1031 790 1054 cum
826 1030 902 1065 qua
932 1025 1087 1053 senatus
1115 1018 1324 1065 gerendum
1356 1031 1443 1054 cen·

25 1087 152 1124 suerit.
214 1088 351 1136 Legati
381 1088 420 1124 hi
449 1088 630 1136 profecti:
668 1089 719 1125 M.
739 1087 939 1124 Cornelius
964 1086 1168 1136 Cethegus,
1196 1088 1248 1123 M.
1269 1088 1443 1133 Fulvius,

24 1155 71 1194 P.
100 1157 269 1192 Marcius
297 1158 395 1194 Rex.
464 1158 592 1194 Metus
635 1158 682 1193 de
721 1157 876 1193 consule
919 1157 1045 1205 adque
1085 1157 1255 1193 exercitu
1297 1158 1443 1194 distulit

26 1238 70 1263 eo
101 1233 272 1275 tempore
303 1227 516 1263 muniendae
547 1227 736 1275 Aquileiae
769 1240 913 1264 curam.

136 1297 335 1344 Hispaniae
379 1297 515 1334 deinde
557 1298 753 1345 utriusque
793 1297 909 1345 legati
947 1297 1094 1344 aliquot
1134 1297 1363 1345 populorum
1404 1298 1442 1333 in

23 1372 197 1403 senatum
228 1367 446 1406 introducti.
505 1368 551 1413 Ii,
582 1368 629 1404 de
660 1369 952 1416 magistratuum
981 1368 1245 1403 Romanorum
1278 1367 1443 1404 avaritia

23 1437 279 1485 superbiaque
303 1438 513 1485 conquesti,
543 1438 622 1473 nixi
651 1439 811 1485 genibus
843 1438 890 1473 ab
922 1445 1056 1473 senatu
1088 1438 1290 1485 petierunt,
1323 1450 1370 1473 ne
1401 1450 1443 1473 se

21 1507 145 1544 socios
175 1507 314 1543 foedius
343 1508 501 1556 spoliari
526 1509 736 1555 vexarique
775 1520 888 1555 quam
921 1509 1049 1543 hostes
1080 1508 1287 1555 patiantur.
1343 1507 1441 1544 Cum

21 1581 59 1613 et
87 1577 163 1613 alia
192 1578 350 1625 indigna
381 1585 644 1625 quererentur,
678 1577 921 1613 manifestum
954 1584 1087 1613 autem·
1113 1584 1224 1622 esset,
1256 1578 1438 1626 pecunias

21 1654 174 1695 captas,
205 1648 248 1685 L.
281 1646 465 1684 Canuleio
496 1648 669 1696 praetori‚
702 1648 766 1695 qui
796 1630 1210 1696 Hispaniam-sortitus
1240 1655 1343 1693 erat,
1374 1661 1440 1684 ne—

17 1716 166 1770 gotium
198 1717 330 1753 datum
360 1724 437 1761 est,
467 1724 508 1753 ut
537 1718 575 1753 in
604 1718 795 1766 singulos,
839 1731 861 1753 a
892 1718 1029 1764 quibus
1061 1717 1225 1765 Hispani
1256 1718 1439 1766 pecunias

19 1794 246 1834 repeterent,
277 1787 412 1835 quinos
443 1798 733 1836 recuperatores
762 1801 810 1823 ex
831 1788 964 1823 ordine
994 1787 1187 1823 senatorio
1219 1787 1339 1831 daret,
1369 1800 1440 1835 pa-

20 1860 240 1905 tronosque,
272 1870 369 1905 quos
399 1857 563 1903 vellent.
593 1857 767 1893 sumendi
798 1865 1027 1906 potestatem
1058 1857 1217 1893 faceret.
1277 1858 1439 1894 Vocatis

19 1925 57 1963 in
77 1927 220 1964 curiam
242 1928 378 1976 legatis
411 1927 611 1964 recitatum
644 1933 701 1962 est
730 1935 886 1962 senatus
907 1927 1134 1973 consultum,
1168 1928 1339 1976 iussique
1369 1941 1438 1964 no·

20 1996 164 2033 minare
194 2005 392 2046 patronos.
452 1998 645 2045 Quattuor
676 1997 992 2043 nomina-verunt,
1023 1999 1076 2035 M.
1107 1998 1288 2034 Porcium
1321 1997 1439 2035 Cato-

19 2077 128 2112 nem,
176 2068 222 2104 P.
265 2066 484 2121 Cornelium
525 2066 595 2104 Cn.
634 2068 680 2105 F.
713 2067 951 2116 Scipionem,
999 2068 1042 2105 L.
1080 2068 1281 2105 AEmilium
1315 2069 1360 2105 L.
1390 2069 1438 2104 F.

21 2272 82 2313 9‚3
97 2276 288 2316 periculoso
299 2276 372 2318 My.
401 2280 420 2306 4
438 2277 525 2307 inter
544 2280 671 2306 ceteras
702 2276 823 2306 ducere
842 2274 940 2307 Gron.
971 2279 987 2306 5
1000 2276 1129 2317 aperire
1148 2275 1245 2308 Gron.
1274 2276 1330 2314 10,
1343 2281 1361 2307 2
1378 2278 1437 2309 tris

21 2333 41 2362 3
57 2340 197 2373 possent
211 2333 283 2376 sssy.
296 2332 454 2365 Em.550
495 2333 552 2374 11,
571 2337 583 2364 1
609 2343 669 2364 nec
691 2333 816 2363 bellum
843 2337 861 2363 2
879 2343 952 2365 cum
972 2340 1273 2374 quaelcensuerant
1287 2334 1434 2366 Perizon.

21 2398 138 2446 (ΘΙ-μη.
151 2404 345 2443 censuerat)
366 2403 441 2434 3hii
457 2402 755 2443 G7·01z.(Gr·yn.ii)⁴
772 2408 908 2441 cetegus
934 2390 995 2443 4p‘.
1017 2391 1051 2433 Is]
1065 2413 1124 2433 rex
1154 2403 1209 2440 12,
1231 2407 1243 2434 l
1262 2409 1354 2434 metu
1390 2403 1434 2442 11,

21 2455 54 2496 1,
69 2461 81 2489 1
99 2459 234 2500 aliquod
275 2464 292 2490 2
309 2465 427 2491 senatu
443 2457 570 2501 δῷσι·
598 2459 630 2497 2,
650 2463 660 2489 l
680 2460 859 2490 introducti
875 2460 963 2491 idem
979 2461 1237 2499 magistratuum
1285 2465 1302 2491 2
1320 2470 1436 2501 super·

18 2513 140 2556 biaque
163 2527 237 2558 quae
262 2517 436 2557 conquesti
477 2521 496 2547 3
519 2517 641 2548 hostiis
680 2517 712 2555 3,
728 2521 745 2547 2
768 2518 907 2557 indigna
929 2519 1166 2559 quererentur
1211 2522 1230 2548 3
1256 2518 1435 2549 cannuleio

21 2583 41 2617 5
77 2583 175 2627 Gryn.
213 2592 366 2627 peterent
399 2586 405 2626 Ι
441 2585 562 2625 quinos
594 2591 832 2626 recuperarent
870 2596 914 2617 ex
973 2586 1013 2624 4,
1040 2591 1059 2618 2
1086 2574 1143 2618 ,se
1176 2587 1182 2627 Ι
1216 2588 1392 2618 nominare
1423 2593 1437 2619 t

20 2645 177 2680 patronos
222 2642 256 2682 5,
283 2647 303 2674 2
331 2643 437 2685 scipio
460 2643 508 2684 11.
536 2644 699 2675 aemilium
724 2643 747 2675 f.
768 2654 811 2675 m.
842 2644 960 2686 (Gryn.
982 2644 1029 2676 M.
1050 2645 1108 2685 F.)
1136 2645 1274 2686 paulum
1300 2644 1436 2687 Piylzius

1478 251 1501 287 8

1481 742 1526 777 10

1483 953 1521 987 11

1479 1157 1525 1194 12

1475 1371 1497 1405 2

1473 1510 1494 1546 3

1529 1293 1554 1338 2
