1742 2902
164 985 221 1029 40

231 1408 254 1443 ΕΟ

242 1960 263 1993 5
297 1958 548 2006 Abrupolim,
579 1957 724 1993 socium
757 1957 883 2005 adque
913 1957 1077 1993 amicum
1107 1956 1240 2005 populi
1271 1957 1456 2001 Romani,
1493 1967 1613 2004 reguo
1644 1967 1708 1992 ex-

331 111 379 145 80
678 106 781 136 Liber
806 104 916 135 XLII.
968 104 1027 142 (A.
1056 112 1086 132 u.
1115 114 1143 133 c.
1171 107 1264 142 583).

277 230 452 274 „Minox-‘⁴
481 227 603 274 inquit
636 226 710 269 „ad
740 227 921 262 maiorem
948 228 1008 261 et“
1031 225 1151 272 (quod
1169 224 1347 273 Philippo
1375 225 1448 273 ipsi
1472 235 1685 272 cognomen

275 303 374 340 erat)
408 296 530 340 „filius
551 295 599 330 ad
621 302 767 343 patrem
802 298 1008 333 transeat.“
1048 294 1180 331 Facile
1196 305 1419 342 persuasum
1438 293 1476 328 id
1505 292 1586 340 regi
1617 299 1685 328 est.

275 367 393 404 Aliud
434 365 570 401 deinde
600 365 885 412 ambigebatur,
931 377 1014 401 cum
1047 376 1162 412 quam
1195 363 1322 400 multis
1351 362 1543 400 transiret.
1600 362 1684 398 Rex

275 448 359 472 cum
391 434 494 471 omni
531 434 713 470 comitatu
755 434 918 470 transire
960 446 1076 470 aecum
1120 432 1317 473 censebam
1362 431 1478 479 legati
1508 431 1569 467 vel
1599 443 1683 468 cum

275 505 395 541 tribus
426 504 555 540 venire
578 503 759 539 iubebant
789 503 862 547 vel,
891 503 923 539 si
948 509 1093 539 tantum
1119 514 1255 550 agmen
1280 501 1508 544 traduceret,
1534 500 1686 537 obsides

275 573 380 618 dare,
410 573 503 609 nihil
533 572 679 608 fraudis
710 572 792 608 fore
822 573 858 608 in
890 572 1107 620 conloquio.
1148 571 1319 619 Hippian
1351 577 1387 607 et
1405 571 1688 614 Pantauchum,

277 654 373 689 quos
411 649 449 678 et
486 642 637 690 legatos
674 642 847 685 miserat,
889 641 1079 689 principes
1118 641 1349 684 amicorum,
1387 639 1540 675 obsides
1573 639 1688 676 dedit..

276 711 359 748 Nec
401 718 479 747 tam
520 711 556 747 in
597 711 733 759 pignus
772 711 859 746 fidei
891 710 1042 746 obsides
1083 710 1288 747 desiderati
1325 715 1451 753 erant,
1495 720 1610 756 quam
1651 714 1691 745 ut.

277 786 482 829 appareret
511 780 636 825 sociis,
669 791 914 828 nequaquam
946 791 992 815 ex
1022 779 1206 827 dignitate
1236 779 1321 828 pari
1351 778 1532 827 congredi
1561 790 1688 827 regem

277 862 360 886 eum
392 850 540 898 legat-is.
601 850 790 887 Salutatio
830 862 906 886 non
936 856 1133 897 tamquam
1168 849 1354 893 hostium,
1392 848 1459 884 sed
1491 847 1692 896 hospitalis

279 931 323 956 ae
354 920 519 968 benigna
551 919 638 962 fuit3
668 919 879 967 positisque
913 919 1066 955 sedibus
1097 919 1361 956 consederunt.

392 988 487 1024 Cum
521 988 715 1036 paulisper
745 987 933 1024 silentium
965 987 1111 1030 fuisset,
1135 987 1368 1036 „Expectari
1393 985 1540 1036 [nos,]“
1573 986 1695 1034 inquit

278 1058 460 1100 Marcius,
480 1057 683 1102 „ai-bitror,
701 1063 740 1092 ut
757 1058 1057 1104 respondeamus
1087 1058 1220 1094 litteris
1248 1057 1334 1100 tuis,
1366 1068 1461 1104 quas
1483 1054 1693 1104 Corcyram

280 1127 427 1171 misisti,
457 1127 494 1162 in
526 1127 662 1174 quibus
682 1126 831 1173 quaeris,
865 1127 954 1173 quid
986 1127 1039 1163 ita
1070 1127 1185 1175 legati
1220 1139 1304 1163 cum
1335 1124 1517 1161 militibus
1547 1124 1696 1160 veneri·

281 1207 363 1233 mus
394 1202 431 1231 et
467 1196 646 1243 praesidia
683 1196 719 1231 in
758 1195 928 1243 singulas
961 1197 1075 1232 urbes
1106 1197 1356 1233 dimittamus.
1415 1193 1481 1231 Ad
1510 1194 1611 1230 hanc
1640 1194 1696 1229 in·

279 1265 578 1312 terrogationem
609 1271 713 1300 tuam
746 1271 780 1300 et
812 1277 887 1300 non
924 1266 1178 1312 respondere,
1219 1277 1374 1308 vereor,
1412 1276 1460 1299 ne
1489 1263 1697 1311 superbum

280 1335 340 1379 sit,
372 1341 408 1370 et
435 1346 527 1369 vera
553 1334 786 1382 respondere
813 1346 859 1369 ne
885 1335 996 1370 nimis
1022 1336 1199 1371 acerbum
1224 1333 1391 1370 audienti
1416 1333 1483 1369 tibi
1507 1332 1696 1369 videatur.

287 1403 364 1442 Sed
394 1415 479 1440 cum
511 1410 578 1439 aut
607 1403 735 1439 verbis
755 1403 1001 1452 castigandus
1028 1410 1094 1440 aut
1117 1403 1233 1440 armis
1261 1402 1321 1447 sit,
1353 1402 1416 1450 qui
1445 1401 1569 1439 foedus
1599 1414 1702 1438 rum-

286 1474 353 1521 pit,
386 1473 484 1509 sicut
513 1472 652 1509 bellum
685 1472 869 1508 adversus
900 1479 935 1508 te
961 1473 1025 1509 alii
1057 1485 1170 1521 quam
1195 1471 1286 1507 mihi
1315 1470 1537 1508 mandatum
1559 1471 1704 1517 malim,

287 1543 342 1579 ita
389 1541 573 1578 orationis
619 1541 866 1578 acerbitatem
911 1543 1097 1579 adversus
1141 1541 1354 1589 hospitem,
1399 1546 1605 1588 utcumque
1635 1546 1702 1584 est,

289 1611 450 1656 subibo,
481 1611 579 1647 sicut
616 1610 773 1655 medici,
812 1623 895 1647 cum
928 1612 1062 1648 salutis
1092 1623 1211 1648 causa
1240 1611 1410 1647 tristiora
1439 1610 1610 1647 remedia
1637 1610 1704 1647 ad-

290 1681 432 1718 hibent.
479 1680 541 1717 Ex
567 1691 643 1727 quo
667 1692 825 1727 regnum
851 1680 1011 1728 adeptus
1036 1692 1088 1725 es,
1119 1692 1231 1716 unam
1250 1692 1329 1716 rem
1347 1685 1395 1725 te,
1427 1692 1511 1728 quae
1529 1679 1706 1716 facienda

290 1749 425 1794 fuerit,
456 1755 611 1785 senatus
642 1748 778 1786 fecisse
808 1757 954 1792 censet,
995 1750 1098 1797 quod
1141 1750 1289 1797 legatos
1320 1750 1483 1785 Romam
1516 1748 1566 1784 ad
1596 1760 1705 1784 reno·

291 1820 460 1856 vandum
493 1819 617 1867 soedus
646 1821 805 1863 miseris,
852 1819 949 1866 quod
979 1825 1097 1855 tamen
1129 1820 1247 1866 ipsum
1278 1819 1342 1854 tibi
1364 1830 1432 1854 non
1455 1819 1576 1865 juisse
1606 1828 1706 1852 reno-

296 1889 452 1925 vandum
475 1888 618 1924 iudicat
642 1889 769 1936 potius
801 1900 929 1936 quam,
961 1900 1044 1924 cum
1069 1894 1296 1924 renovatum
1324 1893 1435 1932 esset,
1472 1886 1706 1923 violandum.

293 2027 434 2075 pulisti.
479 2026 706 2063 Arthetauri
734 2026 1008 2071 interfectores,
1038 2033 1080 2062 ut
1104 2026 1218 2071 caede,
1254 2037 1301 2062 ne
1326 2025 1416 2074 quid
1441 2024 1542 2061 ultra
1572 2025 1709 2069 dicam,

297 2189 314 2216 2
331 2186 447 2224 inquid
487 2186 630 2217 maiores
647 2185 651 2225 Ι
666 2186 794 2227 pilippo
807 2185 866 2225 (H.
880 2184 966 2226 ipso)
994 2188 1012 2215 3
1029 2172 1175 2225 pbfilius]
1189 2184 1267 2225 feste
1281 2192 1479 2224 persuasum
1522 2181 1554 2220 6,
1572 2186 1584 2213 l
1603 2181 1711 2213 ambi—

297 2242 441 2280 gebatur
467 2252 541 2273 sum
569 2253 668 2283 quam
698 2247 716 2273 2
737 2243 911 2274 comitiatu
948 2245 966 2272 3
992 2242 1155 2272 iuuebant
1181 2245 1200 2271 4
1216 2241 1312 2271 daret
1329 2239 1428 2271 Gron.
1447 2235 1710 2280 (cfr.Em.519.

303 2298 372 2329 0¹25
399 2299 474 2338 etc.)
527 2299 557 2337 7,
579 2303 589 2330 l
622 2300 808 2341 hippanian
835 2304 868 2330 et
895 2303 1078 2340 pantacum
1128 2298 1160 2336 8,
1188 2301 1199 2328 l
1230 2297 1387 2328 salutatis
1410 2298 1415 2336 1
1438 2296 1590 2337 ospitalis
1638 2293 1711 2332 XL,

300 2355 331 2388 1,
364 2359 375 2385 l
406 2365 466 2385 nos
495 2354 659 2387 ‹Ianmavie
681 2356 722 2387 A.
739 2356 864 2394 Periz.;
902 2360 1004 2396 potest
1031 2355 1131 2394 fuisse
1168 2364 1188 2385 a
1213 2354 1310 2385 nobis
1338 2352 1430 2394 (Em.
1456 2351 1548 2392 533)
1571 2352 1576 2390 Ι
1599 2349 1712 2392 inquid

300 2416 319 2442 3
348 2412 486 2442 misistis
549 2413 832 2453 quidsitallegatis
897 2411 929 2450 2,
958 2416 976 2442 2
1003 2421 1183 2452 supernum
1223 2415 1242 2442 3
1269 2419 1429 2441 aceruum
1493 2408 1526 2446 3,
1553 2413 1572 2439 2
1598 2408 1643 2438 ali
1692 2409 1712 2438 ³

300 2480 518 2510 acet-uitatem
582 2485 601 2510 4
633 2491 707 2511 cum
741 2485 913 2521 suspectum
945 2478 1089 2510 Cret-erio
1119 2478 1311 2518 {adhibens
1339 2468 1404 2509 aex
1467 2476 1500 2516 4,
1532 2479 1543 2507 1
1574 2476 1715 2516 adeptu»

301 2542 353 2566 est
401 2539 420 2566 2
447 2537 490 2566 ad
516 2538 750 2568 renouandum
776 2538 905 2568 iudicat
931 2535 1097 2577 Supplevit
1121 2533 1232 2576 Siyon.
1260 2534 1383 2576 (Gr-yn.
1411 2533 1592 2565 asteriscum
1617 2539 1713 2573 appo-

299 2593 390 2630 suit.)
455 2592 488 2629 5,
520 2596 531 2622 1
563 2593 750 2633 abrypolim
799 2597 817 2623 2
841 2593 998 2624 artetauri
1022 2593 1027 2632 Ι
1051 2592 1130 2622 cede
