1742 2902
445 114 547 145 Libcr
571 113 682 145 XLII.
728 114 790 151 (A.
819 112 899 145 Chr.
933 114 1027 153 171.)
1343 116 1391 149 95

781 211 801 226 Χ

37 236 228 282 Thraciae)
261 241 296 271 et
330 236 536 283 Agrianes,
567 237 748 273 admixtis
780 237 893 272 etiam
925 236 1138 273 Threcibus
1159 235 1304 277 incolis,
1337 236 1448 272 trium

35 304 176 342 milium
210 304 327 340 ferme
360 312 394 340 et
425 305 496 353 ipsi
531 307 780 355 expleverant
811 319 1022 342 numerum.
1091 307 1324 342 Armaverat
1356 317 1448 341 con-

34 380 280 421 traxeratque
325 387 390 410 eos
430 375 552 412 Didas
594 378 729 421 l'aeou,
776 377 838 424 qui
887 376 1165 412 adulescentem
1210 374 1448 411 Demetrium

34 443 236 480 occiderat.
295 443 344 479 Et
376 453 611 481 armatorum
643 447 718 482 duo
749 446 853 482 milia
886 445 1087 482 Gallorum
1120 453 1239 481 erant.
1270 444 1449 493 praesecto

33 513 311 561 Asclepiodoto
355 514 403 549 ab
441 514 633 551 Heraclea
683 528 730 551 ex
769 514 895 552 Sintis,
969 515 1064 551 Tria
1110 516 1211 551 milia
1256 499 1446 550 Threcum

33 582 239 619 liberorum
270 595 380 619 suum
411 583 544 620 ducem
577 586 783 621 habebant.
849 583 1085 620 Cretensium
1125 597 1195 633 par
1237 596 1341 632 paeue
1381 596 1448 619 nu-

33 663 158 689 merus
192 664 282 688 suos
319 652 434 689 duces
477 656 727 701 sequebatur,
764 655 901 691 Susum
947 654 1250 690 Phalasarneum
1290 662 1323 689 et
1364 653 1448 701 Syl-

33 720 108 758 lum
156 720 359 759 Gnosium.
446 723 496 759 Et
543 724 732 760 Leonides
778 724 1093 760 Lacedaemonius
1142 722 1356 771 quingentis
1402 734 1448 758 ex

33 789 198 836 Graecia‚
234 792 352 828 mixto
393 793 523 841 generi
565 794 782 829 hominum.
828 800 1001 842 praeerat.
1072 793 1183 841 Regii
1227 793 1257 828 is
1300 791 1448 840 generis

33 859 240 905 ferebatur,
272 862 372 906 exul,
404 863 608 899 damnatus
640 864 830 911 frequenti
861 863 1020 899 concilio
1043 864 1287 899 Aehaeorum.
1313 861 1448 897 litteris

33 931 82 967 ad
113 932 257 968 Persea
298 932 506 979 deprensis.
573 933 796 969 AEtolorum
836 940 871 969 et
902 934 1148 969 Boeotorum.
1181 932 1243 979 qui
1274 943 1349 967 non
1381 943 1446 966 ex-

32 999 188 1050 plebant
209 1001 294 1049 plus
317 1014 430 1049 quam
455 1003 747 1050 quingentorum
772 1015 903 1038 omues
927 1015 1137 1045 numerum,
1160 1003 1265 1050 Lyco
1283 1002 1448 1038 Achaeus

0 1085 1 1092 ¹
32 1070 233 1120 praefectus
264 1079 358 1108 erat.
419 1073 480 1108 Ex
517 1073 576 1108 his
609 1072 738 1108 mixtis
783 1079 839 1107 tot
884 1073 1134 1121 populorum,
1163 1078 1233 1106 etot
1279 1071 1445 1119 gentium

0 1171 1 1175 ,
33 1140 184 1177 auxiliis
210 1141 411 1178 duodecim
436 1142 539 1178 milia
561 1150 796 1178 armatorum
820 1141 940 1178 ferme
961 1142 1234 1178 efficiebantur.
1265 1141 1445 1188 Equitum

33 1222 79 1247 ex
116 1218 198 1247 tota
228 1212 461 1248 Macedonia
505 1219 749 1249 contraxerat
797 1214 867 1248 tria
913 1212 1027 1249 inilia.
1106 1212 1278 1247 Venerat
1314 1211 1446 1246 eodem

33 1280 164 1331 Cotys,
195 1282 349 1320 Seuthis
379 1283 499 1325 filius,
530 1296 598 1319 rex
629 1283 750 1331 gentis
785 1282 1044 1330 Odrysarum,
1077 1294 1160 1317 cum
1194 1281 1294 1316 tuille
1325 1280 1447 1315 delec-

33 1352 80 1389 tis
110 1353 322 1401 equitibus.v
364 1354 447 1402 pari
484 1352 604 1389 ferme
635 1353 802 1401 pediturn
834 1364 1004 1388 numero.
1061 1352 1121 1387 Ita
1152 1362 1302 1385 summa
1332 1348 1447 1384 totius

29 1423 216 1460 exercitus
247 1423 503 1460 XXXVIIII
535 1422 638 1458 milia
669 1421 838 1470 peditum
870 1429 991 1463 erant,
1023 1422 1079 1457 IV
1112 1420 1292 1468 equitum.
1343 1418 1444 1455 Satis

29 1494 244 1537 constabat,
274 1493 480 1529 secundum
515 1505 598 1528 eum
633 1491 854 1535 exercitum
887 1503 996 1538 quem
1032 1501 1191 1538 magnus
1222 1489 1446 1525 Alexander

28 1563 65 1601 in
97 1562 232 1600 Asiam
262 1562 430 1606 traiecit,
477 1575 684 1610 numquam
728 1561 838 1597 ullius
878 1561 1134 1596 Macedonum
1173 1560 1273 1607 regis
1315 1559 1445 1607 copias

30 1639 156 1670 tantas
188 1633 317 1670 fuisse.

141 1702 282 1740 Sextus
313 1710 350 1738 et
378 1703 582 1739 vicesimus
613 1714 733 1738 annus
765 1701 963 1750 agebatun
995 1712 1042 1736 ex
1074 1711 1149 1747 quo
1182 1700 1323 1747 petenti
1354 1699 1444 1735 Phi-

29 1772 133 1821 lippo
166 1773 256 1809 data
290 1785 368 1821 pax
399 1780 492 1809 erat.
561 1773 638 1809 Per
663 1773 702 1808 id
733 1784 845 1808 omne
876 1778 1025 1818 tempus
1057 1770 1186 1817 quieta
1215 1769 1445 1805 Macedonia

36 1849 71 1879 et
99 1842 319 1892 progeniem
341 1843 525 1887 ediderat,
557 1843 663 1879 cuius
695 1854 835 1890 magua
866 1853 956 1889 pars
989 1848 1139 1876 matura
1162 1839 1302 1874 militiae
1334 1846 1443 1882 esset,

32 1918 68 1949 et
95 1913 243 1949 levibus
280 1912 389 1949 bellis
419 1913 615 1949 Thracum
658 1912 897 1952 accolarum,
943 1923 1027 1958 quae
1065 1916 1284 1946 exercerent
1323 1909 1444 1956 magis

32 1994 145 2031 quam
179 1982 398 2031 fatigarent,
428 1984 499 2019 sub
530 1983 691 2019 adsidua
722 1990 847 2018 tamen
878 1980 1011 2016 militia
1032 1979 1175 2022 fuerat3
1207 1987 1241 2014 et
1273 1979 1335 2014 diu
1367 1990 1444 2013 me-

31 2051 188 2089 ditatum
220 2052 402 2100 Philippo
442 2053 589 2100 primo.
633 2052 769 2087 deinde
816 2058 851 2087 et
882 2050 1012 2087 Persei
1043 2051 1258 2086 Romanum
1291 2047 1443 2089 bellum..

33 2161 178 2191 4traciae
193 2167 223 2192 et
241 2162 392 2192 ucriones
415 2164 419 2201 ξ
443 2163 587 2192 trecibus
615 2162 731 2202 (Gryn.
752 2160 954 2200 Thracibus)
997 2163 1013 2189 5
1031 2158 1171 2189 millium
1195 2159 1198 2197 ξ
1223 2158 1444 2198 cxpleucruut

34 2216 104 2260 My.
123 2217 143 2250 l.
160 2231 185 2250 c.
237 2219 268 2256 6,
289 2223 300 2250 l
319 2226 532 2250 armauerant
584 2224 602 2249 ‘2
619 2219 728 2260 pheon
780 2222 798 2249 3
818 2217 995 2259 praefectus
1044 2221 1062 2246 4
1079 2215 1203 2255 (Pr-avc
1218 2213 1289 2246 inde
1303 2226 1324 2245 α
1343 2214 1440 2255 Gryu.

32 2275 304 2317 interpunyebatm·
321 2277 580 2318 Asclepiodoto.
621 2277 676 2308 Ab
700 2276 866 2307 Heraclea
891 2285 932 2305 ex
954 2274 1033 2313 S.t.)
1057 2274 1061 2313 ᾗ
1085 2283 1126 2303 ex
1152 2273 1247 2304 intris
1272 2272 1440 2303 Drakenb.

33 2331 148 2376 (Gryn.
174 2345 217 2365 ex
245 2334 375 2375 Sintiis)
434 2333 464 2371 7,
495 2338 506 2365 l
539 2341 665 2365 trecum
685 2333 803 2375 (Gryn.
837 2333 1022 2371 Thracum)
1062 2335 1080 2362 2
1103 2340 1261 2371 parmene
1283 2340 1443 2361 numerus

33 2389 64 2428 8,
94 2394 107 2421 l
135 2391 399 2423 lacaedemonius
427 2392 432 2431 l
463 2402 505 2422 ex
539 2393 695 2431 graeciam
724 2392 828 2422 misso
854 2399 977 2429 genere
1038 2393 1056 2420 ‘2
1084 2390 1171 2428 regis
1197 2389 1331 2428 generis
1358 2388 1443 2419 fere-

33 2447 92 2479 bat
136 2452 156 2479 3
181 2449 361 2480 acheorum
424 2455 443 2479 4
470 2450 638 2490 depressis
704 2450 742 2487 9,
773 2452 784 2479 l
823 2448 959 2478 aetolum
987 2453 1020 2478 et
1048 2448 1224 2495 boetorum
1289 2451 1305 2476 2
1343 2455 1443 2476 arens

34 2503 88 2542 10,
113 2509 131 2536 2
160 2512 373 2538 contraxerat
395 2505 489 2537 milia
537 2511 556 2538 3
584 2507 702 2538 eothes
735 2507 844 2537 euthis
879 2506 969 2536 fitius
996 2504 1115 2545 (Gr-yn.
1144 2504 1297 2537 Seuthae)
1348 2503 1403 2536 11.
1427 2506 1438 2533 l

38 2561 135 2604 Gryn.
163 2575 220 2595 om.
248 2565 294 2595 ita
354 2569 371 2595 2
399 2575 542 2595 xxxuuu
568 2565 718 2605 peditum
743 2577 745 2595 z
769 2574 814 2594 nu
842 2564 992 2604 equitum
1043 2562 1119 2600 LIL
1147 2562 1177 2598 2,
1207 2566 1225 2592 2
1253 2562 1346 2592 cuius
1373 2572 1444 2592 ma-

34 2622 172 2653 cedouia
196 2633 320 2663 magua
372 2626 391 2653 3
418 2628 549 2654 tracum
601 2622 632 2659 3,
660 2625 678 2652 2
711 2622 806 2662 Gryn.
834 2621 928 2652 Persi

1482 310 1501 341 ‘j

1488 533 1495 550 Ι

1484 1149 1528 1182 10

1484 1354 1494 1386 1
1515 1355 1521 1387 1
