1753 2934
684 129 758 160 Lib.
782 127 950 159 LI—LV.
1415 130 1433 163 4
1445 130 1463 163 7

113 261 270 292 adversus
305 269 379 291 eum
417 259 585 290 consulari
621 269 704 299 opus
745 267 832 291 essct
867 267 898 290 et
932 260 1016 289 duce.
1051 265 1083 288 et
1120 259 1278 288 exercitu.
1354 257 1521 288 Praeterea

115 328 225 353 motus
251 321 354 362 Syriae
389 327 422 352 et
455 320 545 351 bella
580 321 667 351 inter
693 329 788 360 reges
814 326 910 360 gesta
935 319 1133 351 reseruntur.
1185 318 1392 356 Alexander,
1420 317 1522 348 homo

114 384 250 424 ignotus
278 388 310 413 et
330 382 465 413 ineertae
483 382 606 422 stirpis,
635 382 759 419 occiso,
786 381 873 413 sieut
890 386 968 411 ante
988 381 1113 411 (lictum
1141 386 1202 418 cst,
1231 379 1405 410 Demetrio
1432 387 1519 418 rege.

115 444 147 475 in
184 443 281 484 Syria
321 443 494 483 regnabat.
558 443 658 474 Hunc
694 442 889 474 Demetrius
925 441 1086 472 Demetrii
1131 440 1236 478 filius,
1281 440 1336 480 qui
1371 450 1390 470 a
1427 445 1521 480 patre

113 506 282 546 quondum
309 505 352 535 ob
378 505 523 535 incertos
554 504 634 535 belli
673 515 771 535 casus
799 505 978 544 ablegatus
1013 501 1147 534 Gnidon
1170 501 1295 541 fuerat,
1328 506 1521 541 contempta

113 566 270 596 socordia.
310 565 494 606 inertiaque
538 566 630 601 eius,
681 566 861 596 adiuvante
891 564 1076 595 Ptolemaeo
1107 562 1246 603 AEgypti
1289 571 1384 602 rege,
1426 561 1519 592 cuius

112 626 215 658 filiam
243 625 458 667 Cleopatram
487 627 518 656 in
546 627 797 657 matrimonium
825 632 1021 666 acceperat,
1056 624 1145 656 bello
1181 624 1359 654 interemit.
1406 622 1519 654 Ptole-

113 697 214 719 maeus
241 689 386 728 graviter
411 688 444 718 in
472 694 572 729 caput
598 688 793 719 vulneratus
819 689 906 719 inter
931 687 1158 723 curationem,
1190 686 1268 714 dum
1295 693 1372 714 ossa
1398 684 1518 714 medici

112 750 280 780 terebrare
323 757 505 787 conantur.
548 749 751 791 exspiravit,
794 757 894 791 atque
935 749 967 779 in
1004 747 1116 778 locum
1157 747 1228 777 eius
1270 745 1372 776 frater
1413 746 1521 776 minor

110 809 326 843 Ptolemaens.
353 811 408 851 qui
426 809 567 851 Cyrenis
589 810 762 850 regnabat,
789 809 962 840 suecessit.
994 808 1186 839 Demetrius
1211 807 1254 838 ob
1275 807 1518 847 crudelitatem,

111 881 212 911 quam
249 873 282 902 iu
318 882 396 902 suos
428 882 487 913 per
513 879 678 904 tormenta
705 872 899 909 exercebat,
935 870 977 901 ab
1003 871 1152 902 Diodoto
1186 869 1350 910 quodam,
1383 878 1451 899 uno
1476 878 1519 899 ex

111 933 288 970 subiectis,
333 935 388 973 qui
424 935 611 965 Alexandri
651 934 721 964 filio
762 933 892 964 bimulo
931 932 1114 962 admodum
1150 939 1290 971 regnum
1337 930 1517 969 asserebat,

110 993 200 1024 bello
234 1002 409 1035 superatus
442 995 631 1027 Seleuciam
670 995 832 1034 confugit.
870 995 909 1025 L.
938 993 1119 1024 Mummius
1161 993 1201 1023 de
1231 991 1364 1022 Achaeis
1400 992 1518 1022 trium-

111 1055 247 1096 phavit3
274 1057 371 1095 signa
397 1067 483 1088 aerea
509 1066 764 1096 marmoreaque
791 1062 823 1086 et
848 1055 980 1086 tabulas
1004 1055 1111 1095 pictas
1136 1053 1169 1083 in
1196 1053 1364 1093 triumpho
1391 1053 1476 1084 tulit.

665 1148 727 1179 EX
753 1148 841 1179 LIB.
869 1147 963 1179 LIII.

204 1224 293 1264 App.
330 1223 491 1256 Claudius
531 1235 598 1256 cos.
653 1225 825 1257 Salassos.
868 1228 1000 1263 gentem
1035 1221 1194 1262 Alpinam
1229 1220 1366 1252 domuit.
1418 1221 1517 1252 Alter

107 1284 415 1327 Pseudophilippus
448 1287 482 1317 in
508 1287 710 1318 Macedonia
743 1296 761 1316 a
787 1285 825 1316 L.
853 1283 1037 1314 Tremellio
1076 1288 1238 1322 quaestore
1265 1292 1340 1312 cum
1366 1283 1515 1313 exercitu

110 1356 215 1378 caesus
243 1354 303 1378 cst.
368 1346 409 1386 Q.
445 1347 600 1379 Caecilius
631 1348 790 1378 Metellus
826 1356 958 1388 procos.
1021 1343 1211 1376 Celtiberos
1246 1343 1384 1380 cecidit,
1428 1350 1459 1374 et
1497 1355 1514 1374 a

107 1406 151 1444 Q.
178 1407 283 1438 Fabio
309 1417 440 1448 procos.
476 1420 598 1449 magna
623 1419 700 1450 pars
727 1409 929 1449 Lusitaniae,
964 1406 1166 1447 expugnatis
1199 1404 1328 1444 aliquot
1364 1405 1514 1443 urbibus,

108 1474 243 1510 recepta
271 1475 332 1500 cst.
382 1469 420 1502 C.
451 1471 580 1502 Acilius
607 1476 742 1502 senator
767 1468 883 1500 Graece
910 1478 962 1500 res
991 1469 1162 1499 Romanas
1189 1466 1313 1497 scribit.

665 1554 728 1585 EX
752 1553 839 1584 LIB.
871 1553 962 1585 LIV.

209 1627 248 1666 Q.
277 1628 458 1670 Pompeius
485 1639 554 1660 cos,
582 1631 615 1660 in
640 1629 804 1671 Hispania
831 1629 1060 1660 Termestinos
1086 1626 1229 1665 subegit.
1284 1624 1370 1656 Cum
1398 1626 1514 1656 iisdem

107 1695 140 1720 et
174 1689 390 1721 Numantinis
434 1701 550 1732 pacem
589 1692 630 1721 ab
672 1691 863 1721 infirmitate
899 1690 990 1721 fecit.
1067 1689 1222 1719 Lustrum
1266 1697 1285 1718 a
1322 1687 1515 1718 censoribus

106 1751 281 1782 conditum
322 1757 387 1791 est;
432 1762 533 1784 censa
573 1758 651 1783 sunt
691 1753 809 1783 civium
862 1753 972 1793 capita
1016 1739 1243 1782 &CFXXVTI
1282 1748 1514 1780 CCCCXLII.

111 1811 219 1850 Quum
262 1813 485 1845 Macedonum
542 1814 644 1853 legati
687 1820 840 1854 questum
895 1814 934 1843 (le
975 1813 1018 1843 D.
1061 1811 1159 1843 Iunio
1202 1811 1319 1843 Silano
1375 1817 1516 1851 praetore

107 1875 288 1911 venisseut,
315 1875 402 1913 quod
431 1875 580 1916 acceptis
607 1877 756 1916 pecuniis
782 1875 988 1916 provinciam
1015 1874 1209 1914 spoliasset,
1249 1878 1280 1902 et
1313 1878 1449 1903 senatus
1474 1873 1514 1902 de

108 1934 254 1976 querelis
279 1945 393 1965 eorum
420 1935 523 1966 vellet
549 1945 764 1975 cognoscere,
793 1937 833 1968 T.
862 1935 1010 1967 Manlius
1036 1935 1247 1975 Torquatus,
1273 1939 1369 1974 pater
1395 1933 1514 1972 Silani,

106 1996 204 2037 petiit
237 1996 506 2037 impetravitque.
554 2005 590 2028 ut
633 1997 697 2028 sibi
740 1998 888 2038 cognitio
929 1997 1164 2033 mandaretur;
1206 2001 1238 2026 et
1279 1995 1371 2026 domi
1414 2005 1516 2026 causa

107 2058 261 2098 cognita,
295 2058 400 2088 filium
438 2059 674 2089 condemnavit
700 2059 952 2098 abdicat-itquc3
992 2067 1029 2087 ac
1061 2065 1102 2087 ne
1136 2056 1244 2087 funeri
1272 2057 1405 2096 quidem
1431 2057 1514 2094 eius,

106 2127 210 2159 quum
237 2120 417 2160 suspendio
444 2121 542 2151 vitam
572 2120 716 2157 finisset,
761 2120 929 2157 interfuit,
970 2119 1153 2158 sedensque
1189 2119 1278 2149 domi
1312 2125 1515 2159 potestatem

107 2180 377 2212 consultantibus
407 2191 449 2212 ex
474 2182 626 2213 instituto
653 2181 742 2213 fecit.
794 2181 834 2220 Q.
861 2181 987 2212 Fabius
1010 2191 1141 2222 procos.
1168 2179 1269 2211 rebus
1295 2183 1329 2210 in
1350 2179 1515 2221 Hispania

106 2251 264 2282 prospere
290 2242 392 2281 gestis
425 2243 535 2274 labem
564 2243 732 2285 imposuit.
759 2253 840 2284 pace
866 2253 940 2274 cum
967 2243 1099 2273 Viriato
1123 2243 1227 2283 aequis
1259 2242 1515 2274 condicionibus

106 2302 207 2334 facta.
258 2303 410 2334 Viriatus
436 2315 455 2335 a
480 2306 707 2346 proditoribus
734 2305 873 2336 consilio
897 2305 1029 2336 Servilii
1054 2304 1220 2345 Caepionis
1244 2302 1440 2334 interfectus
1465 2311 1515 2335 est

107 2370 140 2394 et
177 2365 219 2395 ab
255 2366 404 2396 exercitu
445 2376 505 2396 suo
543 2367 683 2397 multum
718 2366 945 2408 comploratus
983 2376 1021 2396 ae
1060 2365 1217 2396 nobiliter
1258 2366 1424 2407 sepultus3
1466 2366 1515 2396 vir

106 2426 243 2467 duxque
280 2437 420 2468 magnus
463 2433 496 2458 et
533 2437 594 2468 per
626 2427 713 2458 XIV
750 2438 874 2465 annos,
927 2428 1047 2468 quibus
1083 2437 1157 2458 eum
1190 2427 1356 2459 Romanis
1388 2427 1513 2458 bellum

107 2488 223 2526 gessit,
250 2487 457 2529 frequentius
483 2490 642 2529 superior.

672 2573 735 2604 EX
760 2573 848 2604 LIB.
874 2573 948 2604 LV.

198 2645 236 2677 P.
267 2645 426 2678 Cornelio
459 2647 600 2679 Nasica.
646 2649 699 2679 cui
735 2659 925 2689 cognomen
957 2650 1122 2691 Serapiou
1155 2649 1233 2687 suit,
1275 2649 1317 2680 ab
1354 2650 1512 2681 irridente
