1796 2929
233 663 253 697 6

210 1704 254 1738 10

209 1845 251 1879 11

349 128 419 162 150
681 125 783 156 Liber
810 125 936 157 XLIV.
988 128 1048 166 (A.
1078 137 1108 158 u.
1138 137 1165 159 c.
1196 128 1292 167 585.)

286 245 444 281 volnera
467 246 670 281 temerario
700 247 850 283 incursu
879 255 913 284 et
939 256 1097 297 accepta
1123 257 1159 286 et
1187 251 1325 295 inlata3
1355 251 1468 299 pauci
1500 249 1695 296 utriusque

286 314 404 362 partis
430 313 656 351 ceciderunt.
703 316 873 353 Inritatis
897 318 933 353 in
959 326 1152 366 posterum
1179 320 1278 356 diem
1309 320 1458 363 animis,
1488 317 1695 354 maioribus

286 383 405 430 copiis
436 382 561 430 adque
598 384 770 421 infestius
804 388 1024 424 concursuri
1064 389 1213 434 abiere,
1254 390 1285 426 si
1325 390 1397 426 loci
1429 388 1521 425 satis
1551 388 1599 423 ad
1631 399 1696 423 ex-

285 451 501 499 plicandam
533 454 652 490 aciem
684 453 826 493 fuisset.
887 457 1024 505 Iugum
1056 459 1207 502 montis,
1237 459 1274 495 in
1304 465 1506 506 angustum
1541 458 1696 493 dorsum

285 526 510 564 cuneatum,
558 523 623 559 vix
664 525 780 560 ternis
827 525 1022 562 ordinibus
1064 534 1298 564 armatorum
1340 528 1376 563 in
1407 527 1533 563 fronte
1562 527 1697 575 patuit.

286 589 446 637 Itaque,
489 593 621 639 paucis
651 595 931 642 pugnantibuS,
973 602 1099 631 cetera
1143 597 1369 641 multitudo,
1414 597 1604 645 praecipue
1635 597 1698 644 qui

285 659 461 706 gravium
496 673 691 699 armorum
732 670 864 706 erunt,
907 670 1144 712 spectatores
1186 678 1323 714 pugnae
1361 667 1526 702 stabant.
1584 665 1700 702 Levis

287 736 484 765 armatura
514 731 627 767 etiam
662 745 731 780 per
762 733 957 770 anfractus
1002 734 1079 783 iugi
1109 747 1333 784 procurrere
1367 742 1402 771 et
1434 736 1482 771 ab
1513 735 1700 771 lateribus

286 809 370 833 cum
417 797 492 834 levi
537 807 735 837 armatura
777 814 977 839 conserere
1019 809 1090 852 per'
1126 805 1258 851 iniqua
1303 805 1428 852 adque
1467 817 1578 852 aequa
1614 805 1699 840 loca

286 878 453 914 pugnam
486 875 647 916 poterat.
724 872 904 908 Pluribus
933 886 979 909 ea
1005 874 1064 910 die
1095 874 1303 910 volneratis
1335 886 1448 921 quam
1481 873 1701 913 interfectis,

286 936 461 984 proelium
494 945 603 975 noete
634 940 861 989 diremptum
894 949 961 977 est.
1034 943 1167 979 Tertio
1203 944 1263 979 die
1293 955 1405 990 cgere
1435 943 1592 979 consilio
1623 944 1702 979 Ro-

287 1017 422 1042 manus
452 1006 678 1054 impe1·ator;
710 1021 798 1045 nam
830 1023 952 1058 neque
984 1024 1139 1049 manere
1169 1013 1206 1048 in
1239 1013 1327 1061 iugo
1357 1013 1460 1060 inopi
1490 1024 1613 1060 neque
1642 1024 1702 1047 re-

285 1077 394 1124 gredi
431 1077 511 1114 sine
548 1078 693 1125 flagitio
734 1079 860 1126 adque
901 1081 1015 1117 etiam
1047 1082 1240 1130 periculo,
1272 1083 1303 1119 si
1334 1082 1483 1119 cedenti
1513 1094 1560 1118 ex
1590 1093 1703 1129 supe-

286 1146 451 1183 rioribus
481 1147 574 1183 locis
596 1148 754 1184 instaret
773 1149 905 1193 hostis,
938 1157 1108 1198 poterat;
1152 1163 1219 1187 nee
1252 1151 1354 1188 alind
1385 1151 1556 1188 restabat
1587 1163 1701 1198 quam

288 1217 472 1253 audacter
502 1217 745 1253 commissum
781 1218 964 1266 pertinaci
996 1221 1170 1260 audacia.
1203 1233 1285 1268 quae
1317 1222 1483 1269 prudens
1515 1220 1701 1256 interdum

287 1286 324 1322 in
358 1287 461 1322 exitu
492 1293 561 1331 est,
593 1287 796 1335 corrigere.
847 1288 1013 1324 Ventum
1040 1290 1193 1336 quidem
1215 1297 1298 1326 erat
1319 1303 1376 1335 eo,
1408 1297 1460 1330 ut,
1494 1290 1523 1325 si
1556 1290 1702 1324 hostem

287 1355 447 1392 similem
482 1357 648 1404 antiquis
679 1357 936 1394 Macedonum
967 1358 1120 1405 regibus
1147 1359 1343 1395 habuisset
1373 1359 1526 1402 consul,
1565 1369 1703 1405 magna

286 1425 415 1462 clades
459 1426 579 1475 accipi
624 1426 801 1475 potuerit.
877 1426 953 1463 Sed
996 1439 1080 1463 cum
1124 1428 1172 1463 ad
1204 1428 1320 1464 Dium
1360 1441 1428 1476 per
1465 1427 1579 1464 litora
1615 1437 1698 1463 eum

287 1495 476 1542 equitibus
516 1502 725 1544 vagaretur
753 1508 822 1532 rex
864 1502 900 1531 et
931 1497 979 1532 ab
1019 1497 1103 1533 XII
1144 1496 1294 1533 milibus
1331 1510 1452 1546 prope
1494 1478 1700 1533 clamord'm

287 1571 323 1600 et
365 1565 564 1613 strepitum
605 1565 855 1613 pugnantium
896 1565 1062 1610 audiret,
1108 1577 1177 1601 nce
1217 1565 1324 1601 auxit
1365 1567 1496 1614 copias
1534 1567 1703 1614 integros

285 1633 396 1671 fessis
426 1635 697 1671 summittendo
728 1647 851 1682 neque
880 1634 982 1682 ipse,
1014 1635 1115 1682 quod
1147 1635 1349 1683 plurimum
1381 1637 1583 1679 intererat,
1621 1648 1701 1672 cer-

287 1705 421 1741 tamini
459 1704 598 1748 adfuit;
646 1715 730 1740 cum
762 1704 959 1740 Romanus
1000 1705 1222 1752 imperator,
1266 1705 1389 1741 maior
1419 1705 1494 1741 LX
1526 1704 1634 1740 annis
1665 1711 1701 1739 et

286 1774 496 1822 praegravis
528 1786 702 1822 corpore,
732 1774 861 1809 omnia
892 1774 1072 1809 militaria
1096 1782 1254 1810 munera
1280 1775 1361 1822 ipse
1388 1774 1535 1822 inpigre
1565 1773 1700 1809 obiret.

286 1843 453 1891 Egregie
496 1843 545 1879 ad
585 1842 756 1878 ultimum
787 1843 824 1878 in
862 1843 1058 1879 audaciter
1103 1844 1308 1879 commisso
1341 1843 1621 1891 perseveravit,
1653 1850 1702 1884 et,

287 1913 441 1961 Popilio
472 1913 603 1949 relicto
634 1913 670 1948 in
702 1913 876 1949 custodia
906 1913 996 1961 iugi,
1027 1925 1095 1961 per
1125 1913 1228 1949 invia
1255 1919 1574 1960 transgressurus,
1605 1924 1701 1960 prae-

289 1982 434 2027 missis,
467 1984 531 2030 qui
558 1989 810 2030 repurgarent
840 1983 921 2026 iter,
953 1982 1127 2018 Attalum
1159 1989 1196 2018 et
1226 1983 1476 2030 Misagenem,
1511 1994 1594 2018 cum
1625 1994 1703 2018 sure

288 2110 319 2147 3,
336 2114 353 2139 2
371 2108 524 2159 uoluerat
561 2109 594 2146 4,
610 2112 628 2139 2
645 2094 852 2151 infesiutiusJ
869 2120 1066 2141 coneursum
1094 2109 1247 2140 abellisin
1275 2108 1338 2139 loci
1359 2108 1429 2150 My.
1448 2108 1520 2139 Em.
1537 2108 1622 2145 50¹1),
1644 2108 1705 2138 nisi

287 2178 689 2219 quodibiabeuntsm-ipsi.
703 2178 821 2219 (Ga-yn.
837 2188 1035 2209 concursum
1049 2178 1089 2209 ab
1101 2177 1166 2208 illis
1181 2177 1227 2216 si)
1243 2176 1274 2216 5,
1290 2180 1301 2207 1
1320 2177 1495 2218 praecipuae
1510 2180 1529 2207 2
1542 2176 1602 2216 (H.
1614 2177 1701 2215 erat)

287 2246 318 2284 6,
335 2251 352 2277 2
379 2236 572 2278 anesractus
606 2251 625 2277 4
640 2257 787 2288 pugnam
804 2248 960 2288 paterend
976 2247 1127 2287 pluribus
1144 2245 1215 2286 1119.
1230 2245 1303 2276 Em.
1320 2246 1396 2276 560
1411 2244 1533 2286 (Gt-yn.
1553 2255 1701 2286 pugnam

287 2321 415 2357 petere:
444 2326 483 2346 ae
508 2315 574 2356 pl.)
625 2315 655 2351 7,
684 2320 701 2346 2
735 2305 849 2357 inopia
871 2315 876 2357 Ι
898 2315 1011 2355 regedi
1037 2326 1135 2355 snpra
1160 2313 1268 2344 eadem
1296 2325 1389 2344 manu.
1413 2315 1529 2355 scripto
1557 2324 1571 2344 r
1620 2317 1638 2344 3
1666 2323 1702 2344 se

288 2374 417 2404 cedenti
434 2382 475 2403 cx
494 2373 722 2414 superioribus
741 2373 824 2404 loeis
844 2379 931 2404 stare
952 2372 1040 2403 Mur.
1063 2373 1183 2413 (Gryn.
1205 2372 1263 2401 scd
1285 2389 1324 2393 —
1344 2371 1487 2411 instare)
1527 2371 1561 2408 8,
1579 2374 1591 2401 l
1611 2371 1702 2401 aliud

287 2442 398 2474 stabat
416 2441 512 2472 Frob.
527 2440 575 2472 II.
615 2442 647 2477 9.
663 2445 681 2472 2
697 2441 892 2472 habuissset
927 2445 946 2472 3
962 2429 1088 2482 accipei
1105 2443 1107 2482 1
1127 2441 1183 2471 diu
1199 2449 1256 2480 per
1270 2440 1383 2471 littera
1421 2444 1440 2470 4
1456 2440 1498 2471 ab
1516 2428 1585 2471 2}ss-
1600 2449 1703 2481 prope

289 2514 306 2541 5
333 2511 555 2552 pugnantium
582 2510 674 2541 adire
697 2512 701 2547 1
724 2511 861 2549 integris
887 2510 980 2541 festis
1017 2495 1071 2547 10,
1103 2512 1112 2539 l
1145 2495 1222 2549 imp.
1253 2508 1307 2545 11,
1338 2512 1349 2539 1
1380 2509 1535 2548 egraegiae
1564 2508 1568 2546 Ι
1602 2508 1701 2549 Gryn.

287 2568 447 2599 audacter
498 2571 516 2597 2
542 2577 601 2607 per
625 2567 731 2598 intuia
753 2569 757 2607 Ι
781 2575 1010 2608 transgressus
1046 2567 1155 2599 Weiss.
1216 2570 1234 2596 2
1261 2572 1289 2596 ee
1315 2569 1333 2596 3
1363 2566 1556 2606 peremissis
1587 2575 1704 2606 repur-

288 2637 453 2677 garentite
479 2635 620 2666 attalum
647 2642 679 2666 et
706 2645 901 2677 eysacenem
929 2642 962 2667 ct
987 2645 1054 2667 suae
