1753 2934
134 600 186 645 34

195 401 204 432 l

192 677 211 709 {sir

305 139 376 173 190
646 133 749 164 Liber
772 131 901 163 XLIV.
955 130 1014 170 (A.
1041 140 1073 160 u.
1102 140 1130 160 c.
1159 130 1254 170 586.)

243 258 345 294 bant.
408 256 450 291 ld
483 266 567 290 eum
599 254 739 289 aestivis
770 254 915 297 diebus,
946 258 1078 290 urente
1114 251 1274 288 adsiduo
1305 251 1406 295 sole,
1440 251 1568 295 fieret,
1598 256 1655 287 tot

244 328 424 362 horarum
456 330 548 359 aestu
583 329 619 358 et
648 322 834 371 languore
873 323 977 371 ipsos
1008 333 1205 369 equosque
1234 320 1357 357 fessos
1386 320 1523 368 integri
1556 332 1656 369 saepe

244 394 367 430 adorti
401 394 530 430 hostes
562 393 622 429 vel
653 392 765 441 pauci
797 393 924 441 plures
955 392 1161 429 vexabant.
1225 391 1362 438 Itaque
1393 402 1439 426 ex
1470 390 1658 426 matutina

244 463 408 499 statione
439 463 488 498 ad
520 462 716 499 meridiem
748 462 900 506 decedi,
942 468 979 497 et
1017 461 1054 496 in
1084 460 1424 508 postmeridianam
1455 459 1658 496 succedere

245 533 341 569 alios
356 533 485 576 iussit3
511 532 566 568 ita
583 544 790 580 numquam
815 531 999 579 fatigatos
1021 542 1153 567 recens
1168 529 1289 566 hostis
1316 529 1472 577 adgredi
1495 535 1658 577 poterat.

357 603 452 639 Haec
483 614 567 638 cum
599 601 652 636 ita
683 601 763 637 fleri
797 601 967 649 placere.
1013 600 1189 636 contione
1230 599 1441 642 advocata,
1490 611 1658 647 pronun-

245 673 389 716 tiasset,
424 671 563 707 adiecit
584 671 740 706 urbanae
762 671 930 707 contioni
947 669 1234 706 convenientem
1253 668 1463 704 orationem
1484 681 1492 703 ε
1530 668 1657 705 Unum

243 743 517 790 imperatorem
549 740 586 776 in
619 740 787 777 exercitu
818 740 1021 788 providere
1051 746 1088 775 et
1108 738 1317 777 consulere,
1348 737 1437 785 quid
1470 737 1657 785 agendum

245 812 305 855 sit,
337 812 486 855 debere,
517 821 616 846 nunc
647 823 715 858 per
745 821 797 854 se,
827 821 926 845 nunc
957 820 1041 845 cum
1071 808 1129 853 iis,
1161 819 1258 855 quos
1281 807 1480 844 advocarit
1509 806 1546 842 in
1568 818 1660 842 con-

245 881 389 923 silium3
436 880 498 926 qui
543 892 619 916 non
650 880 724 915 sint
755 879 955 923 advocati,
999 889 1064 914 eos
1108 890 1177 914 nec
1211 878 1338 926 palam
1400 888 1469 913 nec
1513 883 1659 912 secreto

247 950 390 986 iactare
421 949 581 985 consilia
611 960 692 984 sua.
758 948 918 984 Militem
950 947 1030 982 haec
1060 947 1135 983 tria
1164 959 1299 983 curare
1329 947 1488 989 debere,
1522 958 1659 994 corpus

248 1026 433 1067 utquam
468 1018 743 1054 validissimum
786 1024 821 1053 et
859 1016 1162 1065 pernicissimum
1204 1018 1365 1061 habeat,
1407 1028 1516 1052 arma
1557 1021 1660 1064 apta.

247 1089 371 1125 cibum
405 1096 581 1136 paratum
614 1088 663 1123 ad
695 1087 822 1124 subita
851 1086 1030 1134 imperia3
1071 1093 1199 1122 cetera
1231 1086 1328 1122 scire
1357 1087 1404 1122 de
1433 1097 1474 1121 se
1504 1085 1561 1121 dis
1590 1085 1659 1120 im-

248 1157 473 1194 mortalibus
505 1163 541 1192 et
571 1157 792 1205 imperatori
825 1168 895 1192 suo
924 1167 1023 1191 curae
1055 1166 1149 1191 esse.
1205 1155 1251 1191 In
1282 1167 1358 1202 quo
1389 1155 1559 1191 exercitu
1591 1155 1660 1190 mi-

246 1227 330 1263 lites
363 1226 600 1263 consultent.
644 1227 854 1275 imperator
884 1225 1101 1261 rumoribus
1133 1224 1236 1273 volgi
1267 1225 1568 1273 circumagatur,
1608 1224 1660 1260 ibi

196 1305 208 1317 ⁷
247 1297 339 1333 nihil
370 1297 538 1332 salutare
569 1308 664 1333 esse.
731 1296 793 1340 Se,
826 1295 928 1343 quod
959 1295 1008 1330 sit
1038 1294 1204 1330 officium
1236 1294 1499 1342 imperatoris,
1530 1295 1662 1342 provi-

247 1379 391 1409 surum„
424 1372 464 1402 ut
498 1367 594 1402 bene
625 1366 800 1413 gerendae
829 1365 884 1400 rei
902 1364 1141 1401 occasionem
1164 1363 1209 1399 iis
1232 1364 1418 1411 praebeat-3
1449 1362 1535 1399 illos
1556 1363 1661 1405 nihil„

248 1449 323 1483 quo
355 1436 415 1472 die
445 1435 612 1472 futurum
645 1436 711 1478 sit.⁴
762 1447 950 1482 quaerere,
989 1433 1053 1470 ubi
1102 1433 1232 1469 datum
1271 1433 1421 1481 signum
1465 1433 1532 1473 sit,
1579 1439 1657 1468 tum

245 1505 446 1542 militarem
479 1518 623 1541 navare
642 1517 788 1553 operam
805 1505 943 1540 debere.
1008 1504 1074 1540 Ab
1115 1503 1172 1538 his
1204 1502 1404 1551 praeceptis
1443 1502 1657 1539 contionem

245 1576 405 1619 dimisit,
452 1575 567 1622 volgo
598 1575 712 1611 etiam
744 1574 935 1611 veteranis
966 1573 1196 1617 fatentibus‚
1235 1584 1276 1608 se
1307 1572 1371 1608 illo
1401 1572 1565 1620 primum
1598 1572 1658 1608 die

244 1652 441 1692 tamquam
473 1645 627 1689 tironeS‚
660 1645 749 1691 quid
782 1644 972 1691 agendum
1004 1649 1103 1679 esset
1133 1643 1170 1678 in
1203 1655 1244 1678 re
1274 1642 1439 1687 militari,
1470 1641 1656 1678 didicisse.

243 1715 334 1751 Non
366 1714 606 1750 sermonibus
637 1720 783 1749 tantum
815 1713 895 1757 his7
945 1725 1029 1749 cum
1074 1719 1218 1759 quanto
1257 1711 1420 1747 adsensu
1462 1711 1656 1747 audissent

244 1785 364 1820 verba
395 1784 561 1820 consulis
580 1811 589 1828 ,
620 1783 887 1828 ostenderunt,
918 1784 985 1819 sed
1015 1794 1142 1818 rerum
1173 1786 1340 1829 'praesens
1372 1780 1528 1817 effectus
1559 1789 1653 1816 erat.

241 1854 445 1890 Neminem
478 1853 567 1889 totis
599 1866 690 1890 mox
721 1854 856 1890 castris
888 1853 1059 1900 quietum
1089 1851 1262 1894 videres3
1302 1862 1439 1886 acuere
1479 1850 1543 1886 alii
1574 1850 1655 1898 gla-

241 1924 347 1962 dios.
397 1923 462 1959 alii
493 1924 624 1971 galeas
665 1923 923 1970 bucculasque
953 1928 1171 1966 scutorum⁷
1223 1920 1286 1956 alii
1327 1920 1466 1956 loricas
1495 1926 1654 1968 tergere,

241 1993 305 2029 alii
337 1999 471 2041 aptare
501 1993 653 2041 corpori
685 2005 794 2029 arma
825 1992 1066 2042 experirique
1096 1992 1166 2027 sub
1197 1991 1255 2027 his
1285 1991 1542 2026 membrorum
1574 1989 1655 2038 agi-

239 2062 408 2107 litatem,
457 2069 615 2110 quatere
650 2062 714 2098 alii
744 2063 841 2111 pila,
887 2063 950 2099 alii
995 2062 1137 2099 micare
1180 2061 1318 2109 gladiis
1358 2071 1655 2107 mucronemque

238 2229 257 2254 4
285 2224 458 2264 professos
520 2227 536 2254 ὅ
565 2224 697 2254 adhorti
724 2224 851 2255 hosties
924 2223 979 2258 11,
1013 2227 1025 2254 l
1057 2232 1099 2252 ex
1134 2222 1257 2252 statiua
1289 2221 1433 2252 statione
1492 2223 1510 2248 2
1548 2218 1654 2258 (post-

236 2283 458 2312 meridianum
477 2280 544 2314 Ed.
567 2281 707 2313 Tauclm.
728 2287 845 2312 tacente
860 2280 1140 2317 Forchhammero)
1200 2278 1367 2315 XXXIV,
1391 2277 1422 2314 1,
1455 2280 1468 2307 l
1498 2275 1652 2306 contione

235 2351 435 2381 adnuntiata
506 2350 545 2387 ²2,
580 2354 597 2380 3
632 2350 831 2381 aduocat-int
869 2350 984 2391 (Gryn.
1012 2349 1244 2387 advocaverit)
1306 2351 1323 2377 5
1352 2333 1493 2377 iactares
1565 2344 1597 2381 3,
1633 2349 1653 2374 4

236 2418 315 2438 cura
366 2407 398 2443 4,
428 2411 446 2438 2
478 2408 646 2438 consultet
672 2407 804 2448 Kreyss.
841 2407 962 2445 (Perae.
995 2398 1192 2442 consulantss
1224 2406 1321 2446 (ir-yn.
1340 2404 1456 2435 consul
1474 2403 1540 2442 ρῶν
1562 2402 1653 2441 vulgi

234 2465 265 2502 5,
294 2469 311 2495 2
341 2466 366 2495 is
394 2465 564 2506 prmhcant
627 2465 708 2496 nihil
741 2465 867 2504 quodid
896 2464 965 2505 My.
1003 2464 1124 2505 (Gt-yn.
1154 2463 1236 2493 nihil
1269 2462 1367 2503 quid)
1427 2464 1446 2490 4
1472 2459 1651 2489 militarem

232 2532 356 2553 nauare
383 2522 424 2552 ab
444 2521 513 2563 My.
534 2522 648 2562 (Gr-yn.
666 2522 733 2553 mil.
762 2532 898 2563 operam
926 2531 1057 2551 navare.
1099 2520 1151 2551 Ab
1178 2527 1232 2551 cet.
1277 2520 1408 2551 Debere
1434 2515 1512 2548 add.
1542 2515 1649 2548 Weiss.

230 2579 288 2609 secl
311 2585 381 2620 post
407 2580 571 2618 quaerere)
636 2579 674 2612 7,
702 2584 719 2610 2
749 2580 904 2610 consules
948 2579 1070 2609 rei-uim
1121 2578 1153 2612 8,
1185 2582 1196 2609 l
1228 2579 1342 2609 uidere
1381 2581 1399 2606 2
1427 2574 1652 2614 buccolasque

231 2648 425 2687 (11⁷e1·s.<‹211b.
454 2647 527 2678 aliis
553 2659 590 2677 esc
613 2654 704 2688 parte
729 2648 955 2689 prceeuntibus:
981 2647 1221 2686 bucculasque,
1249 2651 1419 2678 scutorum
1448 2642 1468 2663 '¹‘
1496 2643 1564 2680 alii,
1591 2642 1650 2672 alii

229 2706 351 2737 loricas
378 2712 409 2736 nc
434 2704 584 2736 excidisse
607 2711 732 2746 putetur
757 2717 861 2737 nomen
885 2706 988 2746 partis
1013 2705 1118 2744 scuti.)

1750 1335 1753 1388 i
