1742 2902
491 145 588 176 Licer
612 144 705 176 XLI.
757 145 818 183 (A.
849 144 926 176 Chr.
959 144 1053 185 177.)
1373 147 1413 181 11

757 228 777 244 Χ

66 267 190 304 acrius
219 268 343 315 primo
380 268 523 315 impetu
563 280 676 315 quam
717 269 1023 315 perseverantius
1059 267 1257 315 pugnavit.
1323 266 1387 302 Ad
1418 266 1478 302 IV

66 337 169 374 milia
199 349 328 372 eorum
364 337 400 372 in
431 337 513 373 acie
542 349 658 380 caesa;
701 337 828 380 ceteri,
874 338 1016 373 omisso
1058 337 1171 380 bello,
1221 336 1259 372 in
1304 335 1478 371 civitates

64 406 205 454 passim
238 405 482 455 diffugerunt.
548 407 643 443 Inde
672 406 820 454 legatos
852 407 1012 455 primum
1037 408 1083 443 ad
1109 419 1241 455 pacem
1274 405 1476 454 petendam

64 475 101 511 in
131 483 257 511 castra
287 477 486 519 Romana,
517 475 654 512 deinde
693 476 846 525 opsides
882 477 1089 525 imperatos
1128 477 1320 512 miserunt.
1385 475 1478 510 Haec

64 556 147 582 eum
181 546 312 582 Romae
343 546 498 594 cognita
540 546 674 582 litteris
724 545 994 593 proconsulum
1026 552 1163 587 essent,
1215 545 1259 581 C.
1293 544 1478 582 Claudius

64 615 214 659 consul,
247 616 407 659 veritus,
446 628 493 652 ne
523 615 622 652 forte
650 628 695 651 ea
725 627 786 651 res
817 614 1053 663 provinciam
1086 614 1366 662 exercitumque
1404 613 1477 649 sibi

64 683 268 727 adimeret,
298 698 372 721 non
405 686 503 721 votis
530 685 777 734 nuncupatis,
818 698 892 720 non
926 684 1117 732 paludatis
1147 683 1362 726 lictoribus,
1400 695 1476 718 uno

64 753 232 789 omnium
272 755 433 790 certiore
473 755 575 791 facto
616 755 785 802 collega,
827 763 938 791 nocte
976 754 1192 802 profectus,
1232 765 1401 801 praeceps
1440 753 1479 788 in

62 822 300 871 provinciam
334 824 447 865 abiit:
487 824 549 860 ubi
579 825 850 863 inconsultius,
893 837 1006 872 quam
1047 831 1225 862 venerat,
1265 835 1305 858 se
1349 822 1478 870 gessit.

63 892 166 929 Nam
207 905 289 928 cum
329 894 506 929 contione
543 894 735 930 advocata
774 894 906 942 fugam
948 906 968 928 e
998 893 1132 929 castris
1174 894 1226 930 A.
1258 891 1378 927 Manli
1410 891 1477 926 ad-

63 963 183 998 versis
216 963 371 998 aui-ibus
409 963 588 1005 militum,
629 964 770 1012 quippe
803 964 866 1011 qui
897 963 1007 1012 primi
1040 963 1111 1011 ipsi
1150 961 1356 1009 fugissent,
1400 961 1478 997 iae-

63 1036 183 1068 tasset
213 1038 246 1068 et
281 1033 501 1081 ingessisset
532 1033 675 1081 probra
706 1034 759 1070 M.
793 1034 927 1078 Iunio,
969 1034 1069 1081 quod
1103 1045 1144 1069 se
1181 1031 1379 1067 dedecoris
1417 1043 1477 1067 so-

63 1100 161 1137 cium
194 1101 350 1150 collegae
388 1101 559 1145 fecisset,
599 1103 647 1139 ad
686 1112 896 1140 extremum
929 1110 1132 1150 utrumque
1169 1101 1351 1138 decedere
1389 1113 1478 1149 pro—

63 1163 196 1206 vincia*
221 1171 342 1207 iussit.
391 1170 566 1220 Cumque
595 1171 647 1207 illi
677 1178 755 1206 tum
788 1172 953 1208 consulis
974 1172 1134 1220 imperio
1159 1172 1260 1208 dicto
1283 1171 1479 1206 audientes

62 1239 213 1277 futuros
244 1253 326 1277 esse
357 1241 545 1285 dicerent,
594 1253 678 1277 cum
718 1241 750 1276 is
788 1254 895 1277 more
931 1243 1117 1278 maiorum
1151 1241 1356 1277 secundum
1388 1246 1480 1276 vota

62 1309 101 1345 in
132 1309 325 1358 Capitolio
355 1319 588 1359 nuncupata,
617 1311 814 1347 lictoribus
847 1312 1053 1359 paludati&
1083 1311 1276 1360 profectus
1309 1310 1357 1345 ab
1385 1309 1479 1344 urbe

63 1386 175 1421 esset,
214 1378 343 1415 furens
382 1381 464 1425 ira,
504 1390 703 1425 vocatum,
751 1381 815 1429 qui
854 1394 923 1429 pro
967 1390 1156 1428 quaestore
1197 1379 1344 1416 Manlio
1385 1385 1478 1423 erat,

63 1456 221 1485 catenas
261 1450 457 1498 poposcit,
509 1451 657 1486 vinctos
705 1462 746 1486 se
796 1451 944 1486 Iunium
990 1450 1255 1497 Manliumque
1299 1448 1478 1484 minitans

62 1518 226 1554 Romam
259 1521 473 1557 missurum.
526 1521 591 1556 Ab
623 1533 667 1556 eo
699 1533 852 1568 quoque
882 1527 1051 1568 spretum
1082 1519 1247 1555 consulis
1275 1518 1476 1566 imperium

63 1596 137 1632 est;
178 1596 215 1624 et
256 1589 507 1625 circumfusus
538 1590 752 1633 exercitus,
796 1589 932 1626 favens
964 1590 1240 1637 imperatorum
1271 1600 1396 1623 causae
1442 1593 1477 1622 et

62 1657 208 1694 consuli
238 1657 410 1701 infestus,
440 1659 589 1695 animos
622 1660 671 1695 ad
700 1673 777 1696 non
800 1660 1010 1708 parendum
1034 1659 1213 1697 addebat.
1273 1659 1476 1694 Postremo

62 1726 247 1775 fatigatus
278 1728 411 1764 consul
441 1736 475 1764 et
500 1729 739 1765 contumeliis
770 1730 1006 1778 singulorum
1039 1737 1075 1765 et
1096 1728 1346 1765 multitudinis
1372 1728 1475 1773 (nam

61 1796 217 1846 insuper
244 1798 476 1844 inridebant)
506 1798 700 1844 ludibriis,
733 1812 832 1836 nave
862 1800 1009 1843 eadem,
1040 1812 1117 1847 qua
1146 1806 1322 1842 venerat,
1353 1798 1477 1846 Aqui-

61 1866 173 1903 leiam
204 1867 328 1906 rediit.
405 1868 499 1904 Inde
536 1868 691 1916 collegae
731 1869 902 1917 scripsit,
943 1878 983 1905 ut
1023 1869 1182 1905 militum
1215 1881 1401 1904 novorum
1444 1867 1477 1902 ei

61 1937 182 1985 parti,
225 1949 309 1984 quae
345 1937 487 1985 scripta
529 1938 567 1973 in
615 1938 800 1973 Histriam
848 1939 1083 1985 provinciam
1127 1946 1249 1978 esset,
1301 1938 1477 1981 ediceret,

62 2126 95 2162 3.
109 2131 128 2159 3
147 2139 270 2161 Aemus
291 2129 296 2167 Ι
318 2137 618 2169 ρει-εεσηιυιετωε
634 2128 797 2160 manauit
830 2127 863 2162 4,
878 2131 894 2157 2
912 2140 1029 2162 nomm
1055 2140 1093 2162 m
1119 2139 1348 2169 A0113‚omsso
1374 2127 1476 2160 naulo

63 2187 83 2216 3
109 2184 338 2224 diffugssnmvr
389 2189 408 2215 4
435 2184 515 2215 Post
539 2185 701 2215 miserunt
731 2185 866 2226 spatium
887 2188 964 2226 sere
999 2187 1020 2217 (i
1057 2185 1228 2217 litterarum
1268 2196 1399 2216 vacuum
1433 2191 1479 2216 est

62 2241 94 2273 ἰη
134 2241 235 2273 medio
273 2253 372 2274 versu.
435 2241 467 2277 5,
494 2246 512 2272 2
540 2242 684 2281 cognitis
738 2246 756 2272 3
800 2243 983 2274 exercitum
1010 2244 1072 2273 sibi
1100 2244 1304 2281 adimerent3
1354 2242 1474 2273 Vahlen

63 2298 181 2330 mavult
217 2309 263 2330 eae
302 2309 354 2331 res
392 2300 599 2340 provinciam
634 2305 667 2330 et
699 2300 883 2330 exercitum
916 2301 978 2331 sibi
1013 2301 1199 2332 adimerent
1254 2305 1274 2330 4
1303 2301 1474 2341 pabulatis

63 2355 185 2396 (Gran.
211 2366 278 2387 non
312 2357 511 2398 paludatus,
551 2356 624 2387 sine
655 2357 746 2396 liet.)
813 2356 845 2393 6,
877 2361 888 2388 l
926 2358 1052 2388 manlio
1077 2357 1166 2389 Fore.
1200 2360 1240 2388 A.
1267 2358 1397 2388 Manlio

63 2412 268 2445 obiectasset
323 2418 342 2444 2
378 2415 540 2445 adversus
562 2414 566 2450 Ι
588 2414 747 2444 iactasset
771 2414 911 2454 ingessit
943 2416 1000 2445 sed
1030 2415 1156 2455 probra
1186 2414 1317 2456 Kreyss.
1355 2414 1474 2456 (Gryn.

62 2468 343 2510 ingessissetque)
393 2470 425 2507 7,
454 2474 467 2501 l
498 2472 588 2511 quod
615 2481 691 2501 cum
717 2471 837 2501 illitum
849 2471 1095 2513 Mq.Em.49⁸.
1124 2472 1243 2514 (Gr-yn.
1274 2472 1372 2510 Quod
1398 2483 1473 2503 cum

62 2527 205 2567 milites)
257 2532 276 2558 2
303 2538 378 2559 cum
405 2528 458 2559 his
506 2527 538 2564 8,
569 2532 582 2558 l
613 2528 719 2559 manli
746 2527 900 2569 MffiEm.
929 2528 1011 2563 498.
1061 2534 1079 2560 2
1107 2537 1227 2561 catena
1250 2530 1254 2568 Ι
1276 2531 1475 2570 vinctosque

63 2592 99 2614 se
119 2584 125 2624 1
145 2585 385 2625 manliumquae
410 2586 624 2616 misnistrans
663 2585 696 2623 9,
723 2589 741 2615 2
769 2584 887 2618 fabens
915 2591 934 2618 3
960 2587 1004 2618 ad
1029 2597 1089 2618 nos
1139 2587 1194 2624 10,
1224 2591 1243 2617 2
1272 2588 1475 2618 contumelia

64 2654 85 2682 8
121 2652 353 2684 inluridebant
400 2658 420 2684 4
450 2638 537 2685 redit

1511 478 1533 512 υἱ

1513 1661 1559 1694 10

1513 1865 1554 1899 ll
