1742 2902
481 115 582 146 Liber
606 114 714 147 xm.
744 115 802 155 (A.
834 115 910 147 chr.
943 118 1033 155 171.)
1355 120 1404 155 97

783 212 803 226 x

50 237 152 273 timis
184 236 286 280 fore;
318 248 358 272 se
393 242 429 271 et
461 235 660 282 pecuniam
692 242 729 271 et
759 236 1013 281 frumentum,
1045 244 1182 286 praeter
1210 239 1353 275 reditus
1385 252 1462 276 me-

51 306 242 350 tallorum,
272 305 308 341 in
340 306 469 341 decem
499 317 619 340 annos
649 306 877 353 seposuisse.
965 306 1128 351 Omnia,
1174 321 1258 356 quae
1302 309 1460 345 deorum

50 375 309 422 indulgentia,
343 387 426 422 quae
456 374 563 422 regia
593 386 684 410 cura
714 376 965 422 praeparanda
1000 376 1159 421 fuerint,
1189 378 1300 426 plena
1331 391 1460 415 cumu-

50 444 205 492 lataque
243 445 385 480 habere
423 443 677 487 Macedona83
723 443 889 480 animum
939 447 1155 482 habendum
1199 459 1299 492 esse,
1348 460 1460 495 quem

50 514 254 550 habuerint
283 514 448 549 maiores
480 525 634 554 eorum,
679 512 755 559 qui,
803 514 959 562 Europa
990 516 1092 551 omni
1127 516 1293 562 domita,
1337 525 1462 554 trans-

49 584 171 631 gressi
202 583 238 619 in
269 584 427 627 Asiam,
472 582 704 629 incognitum
751 582 864 618 fainae
909 587 1127 632 aperuerint
1167 586 1282 622 armis
1329 588 1461 623 orbem

51 661 251 697 terrarum,
284 665 351 689 nee
383 660 470 688 ante
493 652 644 687 vincere
665 651 857 696 desierint,
875 666 988 701 quam
1012 656 1143 692 Rubro
1167 655 1262 690 mari
1294 655 1462 701 inclusis,

50 722 152 769 quod
184 722 396 765 vincerent,
448 721 621 757 defuerit.
703 723 759 757 At
797 723 947 759 hercule
983 737 1081 760 nune
1123 737 1190 759 non
1230 724 1275 760 de
1322 724 1462 760 ultimis

51 791 169 827 lndiae
200 792 301 836 oris,
345 792 411 827 sed
456 791 502 826 (le
545 790 662 838 ipsius
703 790 940 826 Macedoniae
984 793 1226 840 possessione
1269 800 1462 829 certamen

49 860 242 897 fortunam
274 861 469 898 indixisse.
529 858 624 895 Cum
657 867 765 906 patre
796 872 865 895 suo
895 871 1071 908 gerentes
1103 863 1242 898 bellum
1265 864 1462 899 Romanos

46 931 262 978 speciosum
297 930 457 967 Graeeiae
490 929 697 965 liberandae
727 930 937 976 praetulisse
968 931 1137 975 titulum3
1183 944 1282 968 nune
1319 945 1461 980 propa-

48 999 123 1036 lam
159 1001 427 1036 Maeedoniam
458 1000 496 1035 in
518 999 737 1036 servitutem
770 1007 917 1046 petere,
947 1012 994 1036 ne
1025 1014 1093 1037 rex
1123 1002 1270 1038 vicinus
1301 1001 1461 1049 imperio

46 1070 96 1105 sit
128 1071 326 1114 Romano,
360 1084 406 1106 ne
436 1082 528 1118 gens
561 1069 660 1104 bello
694 1069 831 1104 nobilis
867 1082 975 1105 arma
1004 1071 1159 1109 habeat.
1236 1072 1331 1107 Haee
1362 1071 1462 1107 enim

48 1139 234 1175 tradenda
264 1141 437 1188 superbis
469 1139 631 1175 dominis
663 1150 745 1174 esse
776 1150 860 1174 cum
898 1151 988 1186 rege
1029 1152 1243 1187 regnoque,
1291 1142 1326 1176 si
1360 1141 1461 1177 absi-

43 1216 146 1245 stere
176 1210 275 1245 bello
306 1217 342 1245 et
372 1210 498 1246 facere
528 1210 716 1256 imperata
747 1208 876 1248 velint.

159 1279 254 1316 Cum
289 1292 357 1327 per
388 1292 538 1315 omnem
570 1278 782 1314 orationem
826 1277 918 1313 satis
952 1277 1142 1325 frequenti
1175 1279 1339 1315 adsensu
1374 1291 1459 1316 Sue-

45 1349 252 1385 clamatum
278 1357 388 1393 esset,
420 1356 497 1384 tum
531 1361 621 1384 vero
653 1348 705 1383 ad
735 1348 808 1383 lzoec
841 1354 997 1383 eoetrema
1030 1361 1075 1384 ea
1097 1348 1321 1384 vociferatio
1349 1349 1462 1385 simul

46 1419 324 1467 indignantium
357 1419 700 1465 minitantiumque,
731 1418 868 1465 partim
902 1418 1108 1454 iubentium
1133 1420 1273 1454 bonum
1291 1419 1461 1456 animum

46 1489 188 1526 habere
219 1502 345 1537 regem
360 1497 373 1533 ,‘
415 1496 551 1525 exorta
582 1495 656 1532 est,
702 1494 741 1523 ut
773 1488 885 1523 finem
917 1488 1065 1523 dicendi
1106 1487 1268 1533 faceret,
1312 1495 1460 1526 tantum

46 1557 159 1594 iussis
191 1559 239 1594 ad
272 1559 342 1594 iter
370 1559 521 1607 parari3
572 1559 646 1594 iam
680 1557 777 1593 enim
811 1557 883 1593 diei
914 1570 1070 1593 movere
1101 1565 1228 1594 eastra
1259 1559 1306 1594 ab
1338 1560 1460 1607 Nym-

47 1629 157 1676 phaeo
188 1629 396 1664 Romanos
481 1624 650 1665 Contione
683 1627 861 1671 dimissa,
903 1627 952 1662 ad
995 1628 1205 1663 audiendas
1249 1628 1460 1676 legationes

45 1697 256 1733 eivitatium
291 1698 528 1734 Macedoniae
558 1710 599 1733 se
630 1697 797 1733 eontulit.
862 1696 1059 1733 Venerant
1099 1705 1224 1734 autem
1260 1700 1309 1734 ad
1344 1712 1460 1747 pecu-

46 1767 151 1811 nias,
182 1780 251 1815 pro
282 1767 527 1803 facultatibus
560 1779 720 1814 qnaeque
749 1766 846 1810 suis,
878 1772 913 1801 et
943 1766 1173 1804 frumentum
1205 1769 1460 1816 pollicendum

47 1836 96 1872 ad
128 1837 279 1872 bellum.
345 1836 533 1872 Omnibus
564 1836 697 1883 gratiae
727 1842 844 1880 actae,
889 1836 1088 1872 remissum
1129 1839 1324 1882 omnibus;
1370 1839 1463 1875 satis

46 1906 172 1954 regios
204 1912 413 1954 apparatus
445 1906 494 1941 ad
529 1918 573 1941 ea
604 1906 745 1940 dictum
777 1906 974 1950 sufficere3
1006 1907 1181 1943 vehicula
1211 1915 1358 1944 tantum
1389 1909 1460 1945 im-

47 1984 201 2024 perata,
240 1983 281 2012 ut
311 1982 501 2011 tormenta
531 1975 770 2022 telorumque
804 1976 1000 2011 missilium
1031 1977 1222 2024 ingentem
1252 1978 1329 2013 vim
1361 1990 1459 2025 prae-

47 2054 221 2093 paratam
254 2045 505 2093 bellicumque
535 2045 638 2081 aliud
668 2045 958 2081 instrumentum
991 2047 1184 2082 veherent.
1256 2046 1461 2084 Profectus

47 2213 68 2240 2
94 2216 205 2251 preter
255 2210 309 2248 13,
337 2214 354 2240 2
382 2207 515 2239 fuerant
539 2208 662 2239 Dulcer.
703 2207 757 2243 14,
788 2212 800 2238 l
824 2209 974 2239 animum
1001 2209 1062 2239 hos
1081 2209 1271 2241 habendum
1292 2210 1359 2250 (N.
1379 2211 1419 2242 iis
1431 2212 1460 2252 ἲ)

47 2270 68 2297 3
94 2268 126 2297 in
143 2268 270 2298 italiam
289 2272 291 2305 l
314 2266 382 2308 Siy.
407 2267 508 2303 sama,
526 2267 671 2306 fortasse
697 2272 786 2296 recte.
803 2263 806 2303 ζ
822 2271 1025 2305 aperuerunt
1058 2270 1077 2296 4
1097 2267 1226 2298 inclusa
1261 2272 1277 2298 5
1295 2267 1463 2299 defuerint

48 2323 104 2362 15,
132 2328 143 2355 l
173 2326 214 2355 ad
234 2350 235 2364 ,
253 2334 341 2355 nune
367 2325 407 2354 de
447 2328 463 2353 2
481 2323 825 2353 indicaerosemanus.
869 2326 888 2352 3
916 2323 1050 2354 fortuna
1074 2325 1078 2363 Ι
1101 2325 1247 2363 gerentis
1297 2329 1317 2355 4
1344 2327 1462 2357 tulisse

52 2380 150 2413 Gran.
197 2382 250 2418 16,
279 2386 297 2412 2
324 2387 475 2422 peterent-
500 2391 557 2411 rex
607 2384 625 2410 3
654 2381 743 2410 bello
772 2381 869 2410 nobis
893 2381 897 2417 Ι
920 2380 991 2410 haee
1022 2381 1055 2411 in
1083 2383 1243 2413 tradenda
1294 2386 1313 2412 4
1340 2393 1461 2423 regno-

48 2448 123 2478 quae
150 2440 310 2470 absistere
361 2439 454 2471 LIII.
483 2439 514 2475 1,
543 2442 561 2468 2
588 2444 657 2468 tum
678 2448 756 2468 uero
783 2448 822 2468 ea
848 2437 1042 2468 uociferatio
1054 2438 1124 2480 My.
1137 2439 1209 2470 Em.
1222 2439 1310 2477 5393
1336 2440 1460 2481 supple-

48 2497 142 2526 menti
166 2498 259 2527 verba
286 2497 402 2527 incerta
426 2502 506 2527 sunt.
564 2495 596 2531 2,
626 2500 643 2525 2
670 2496 710 2525 ad
738 2495 800 2524 iter
826 2505 941 2534 parere
968 2494 1076 2537 Sz'yon.
1105 2497 1236 2537 (parare
1261 2497 1386 2537 Drulc.)
1441 2503 1459 2529 2

50 2554 218 2593 nympheo
267 2558 285 2585 :3
314 2563 470 2585 romanos
497 2553 640 2583 dimissa
687 2552 720 2589 4,
752 2556 765 2582 l
794 2552 876 2583 satis
903 2553 1098 2592 regionibus
1126 2562 1308 2596 apparatus
1357 2560 1375 2587 2
1401 2558 1460 2587 im·

48 2618 166 2650 perata
191 2616 248 2641 aut
297 2616 315 2641 4
342 2612 444 2641 alium

84 2673 182 2699 Livius
201 2681 237 2699 ex
256 2682 309 2699 ree.
330 2674 473 2704 Madvigii
514 2674 575 2698 VII.
1177 2675 1192 2703 7

1497 312 1541 348 13

1498 453 1543 489 14

1500 728 1543 762 15

1499 937 1543 973 16

1519 1275 1570 1320 53
