1742 2902
466 124 570 156 Liber
594 124 705 156 XLII.
745 125 807 163 (A.
836 122 915 155 Chr.
949 123 1046 164 171.)
1360 125 1409 160 85

53 245 167 283 ullam
199 246 455 292 censuissent,
485 247 632 295 reliqua
663 226 891 283 consuitatio
923 253 1024 290 erat,
1064 258 1230 294 quonam
1263 245 1377 281 modo
1409 250 1466 280 tu-

51 320 129 352 tum
171 315 243 352 iter
283 316 419 364 legatis
460 324 571 355 esset.
640 317 704 354 Ad
743 317 780 352 id
813 317 1029 353 necessaria
1069 315 1202 364 petitio
1232 314 1464 350 indutiarum

51 397 129 422 eum
159 385 372 430 videretur,
404 393 634 434 cuperetque
664 385 834 422 Marcius
871 399 994 434 neque
1029 386 1130 422 aliud
1164 384 1368 432 conloquio
1400 396 1465 432 pe-

50 455 168 498 tisset,
198 463 359 503 gravate
394 462 430 490 et
460 456 497 491 in
527 468 706 504 magnam
738 456 902 503 gratiani
935 456 1096 504 petentis
1118 455 1316 491 concessit.
1358 452 1466 491 Nihil

50 525 148 562 enim
179 524 272 560 satis
307 532 482 572 paratum
515 525 563 561 ad
595 525 732 561 bellum
765 526 801 561 in
833 526 1036 574 praesentia
1067 525 1260 561 habebant
1287 524 1464 567 Romani,

49 606 125 631 non
156 594 385 639 exercitum,
416 608 491 631 non
523 595 677 639 duceni,
707 608 790 632 cum
824 597 1010 632 Perseus.
1041 595 1078 631 ni
1109 607 1197 643 spes
1227 606 1329 630 vana
1359 593 1465 642 pacis

50 671 276 701 occaecasset
306 665 486 709 consilia,
528 665 657 701 omnia
687 672 905 714 praeparata
936 666 1062 713 adque
1092 666 1278 700 instructa
1308 663 1465 706 haberet,

49 740 86 770 et
115 746 184 770 suo
216 735 382 770 maxime
413 741 584 783 tempore
615 735 741 782 adque
773 735 896 771 alieno
923 735 1095 771 hostibus
1126 734 1292 782 incipere
1323 733 1464 769 bellum

47 810 186 852 posset.
248 806 311 841 Ab
342 805 415 841 hoc
440 805 657 852 conloquio,
692 805 766 841 fide
797 805 1028 841 indutiarum
1061 804 1307 852 interposita,
1348 802 1464 851 legati

47 873 212 910 Romani
246 874 283 910 in
316 875 505 911 Boeotiam
537 883 555 917 †
586 874 785 921 conparati
810 882 908 910 sunt.
953 875 1013 910 Ibi
1038 875 1113 910 iam
1145 879 1270 909 motus
1294 877 1462 920 coeperat

0 975 1 980 ,
49 955 131 980 esse
170 944 451 980 discedentibus
503 957 526 980 a
567 944 750 981 societate
799 945 1010 980 communis
1049 944 1195 980 consilii
1239 944 1461 979 Boeotorum

48 1014 274 1061 quibusdam
307 1014 477 1062 populis,
522 1027 569 1050 ex
600 1026 676 1061 quo
709 1015 966 1050 renuntiatum
1002 1021 1107 1057 erat,
1138 1012 1382 1061 respondisse
1411 1011 1463 1046 le-

46 1092 181 1132 gatos,
222 1084 510 1132 appariturum,
554 1084 691 1131 quibus
732 1085 882 1133 populis
918 1084 1074 1133 proprie
1112 1083 1335 1120 societatem
1379 1093 1463 1117 cum

46 1153 125 1201 regi
160 1153 264 1201 iungi
295 1153 560 1202 displicuisset.
632 1154 754 1190 Primi
786 1166 808 1190 a
839 1153 1052 1190 Chaeronea
1090 1153 1227 1201 legati,
1269 1151 1405 1188 deinde
1443 1163 1465 1186 a

47 1223 192 1259 Thebis
222 1223 259 1258 in
291 1223 374 1271 ipso
404 1223 539 1259 itinere
569 1230 837 1268 occurrerunt,
875 1223 1111 1260 affirmantes
1141 1236 1217 1258 non
1249 1221 1465 1258 interfuisse

45 1304 98 1337 se,
130 1305 206 1340 quo
236 1293 400 1329 societas
432 1306 477 1329 ea
508 1294 662 1330 decreta
695 1301 806 1337 esset,
837 1293 1017 1337 concili03
1064 1304 1160 1341 quos
1190 1292 1327 1340 legati,
1360 1290 1464 1326 nullo

44 1361 82 1398 in
106 1363 309 1410 praesentia
332 1366 518 1411 responso‘
543 1363 646 1407 dato,
665 1363 885 1401 Chalcidem
915 1376 955 1399 se
985 1364 1091 1411 sequi
1115 1363 1316 1399 iusserunt.
1356 1362 1463 1398 The-

46 1431 104 1468 bis
145 1445 287 1481 magna
328 1433 520 1469 contentio
567 1441 652 1470 orta
695 1440 775 1470 erat
811 1446 858 1469 ex
889 1434 965 1470 alio
996 1434 1217 1470 certamine.
1290 1431 1464 1469 Comitiis

45 1502 234 1550 praetoriis
266 1502 489 1538 Boeotorum
531 1504 633 1539 victa
670 1517 782 1552 pars,
824 1503 1001 1539 iniuriam
1034 1515 1287 1551 persequenS.
1327 1508 1461 1537 coacta

46 1571 286 1608 multitudine
316 1572 507 1608 decretum
530 1575 622 1621 fecit
651 1574 818 1617 Thebis,
858 1586 905 1609 ne
936 1573 1176 1609 Boeotarchae
1214 1573 1372 1609 urbibus
1402 1585 1461 1608 re-

46 1641 272 1690 ciperentur.
332 1642 477 1678 Exules
509 1643 699 1692 Thespias
739 1643 907 1679 universi
938 1650 1227 1686 concesserunt;
1267 1643 1355 1678 inde
1385 1643 1463 1688 (re-

46 1711 144 1759 cepti
175 1711 273 1747 euim
301 1713 382 1748 sine
407 1714 647 1750 cunctatione
673 1713 796 1758 erant)
821 1713 990 1757 Thebas,
1023 1713 1098 1748 iam
1132 1713 1289 1748 mutatis
1315 1712 1463 1757 animis,

45 1781 213 1817 revocati
248 1782 441 1818 decretum
479 1783 636 1828 faciunt,
669 1791 710 1820 ut
741 1783 961 1828 duodecim,
993 1782 1056 1830 qui
1088 1782 1226 1830 privati
1258 1790 1395 1818 coetum
1428 1788 1464 1818 et

46 1851 245 1888 concilium
277 1853 514 1899 habuissent,
545 1854 659 1890 exilio
686 1853 949 1889 multarentur.
993 1853 1131 1890 Novus
1160 1852 1295 1888 deinde
1323 1858 1464 1900 praetor

47 1921 250 1972 (Ismenias
282 1922 314 1958 is
345 1930 447 1967 erat,
488 1924 547 1959 vir
585 1923 723 1959 nobilis
763 1935 807 1959 ac
838 1924 990 1970 potens)
1035 1922 1210 1970 capitalis
1242 1935 1363 1970 poenae
1395 1922 1463 1957 ab·

45 1999 169 2028 sentes
201 2004 265 2028 eos
297 1993 449 2029 decreto
481 1994 650 2031 damnat.
700 1992 920 2029 Chalcidem
952 1991 1152 2039 fugerant:
1185 1991 1273 2027 inde
1305 1992 1352 2028 ad
1383 1993 1462 2029 Ro-

46 2114 78 2154 2,
105 2120 124 2147 2
150 2117 358 2148 indutiarum
384 2117 557 2148 uideretur
583 2115 655 2158 My.
684 2116 806 2158 (Gryn.
834 2117 877 2148 ad
902 2117 936 2147 id
963 2125 1038 2146 cum
1066 2115 1277 2155 necessaria)
1340 2120 1359 2145 4
1386 2125 1463 2155 gra-

45 2180 132 2204 uatae
155 2180 188 2205 et
212 2175 281 2205 iam
309 2184 468 2213 magnam
502 2173 612 2214 (Nam
644 2180 676 2205 et
710 2180 882 2214 tamquam
915 2173 1101 2213 gratiam?)
1153 2173 1184 2209 3,
1213 2177 1232 2204 3
1268 2183 1329 2204 nos
1365 2183 1462 2204 exer-

46 2231 147 2262 citum
204 2236 223 2262 4
250 2238 447 2263 occecasset
468 2233 473 2272 Ι
495 2233 658 2263 instructa
684 2238 716 2262 et
742 2242 804 2263 suo
851 2231 884 2268 4,
908 2235 920 2262 l
953 2231 994 2261 ad
1020 2231 1086 2261 hoc
1136 2234 1155 2261 2
1182 2231 1330 2262 boetiam
1353 2232 1359 2271 l
1382 2241 1462 2262 con-

45 2289 154 2328 parati
173 2296 250 2320 sunt
268 2295 446 2331 corruptum
464 2296 509 2320 est
526 2301 579 2320 nec
599 2289 773 2331 probabilis
787 2289 937 2320 correctio
953 2289 1087 2326 inventa,
1102 2288 1251 2329 quoniam
1265 2299 1303 2319 ex
1318 2288 1462 2330 profecti

46 2355 71 2376 s.
97 2352 154 2377 aut
177 2348 330 2379 conversi
357 2358 383 2379 s.
413 2353 513 2378 ortum
539 2358 602 2378 esse
629 2347 742 2388 nequit.
769 2346 923 2378 Fortasse
953 2345 1078 2387 aliquid
1100 2344 1227 2377 excidit.
1299 2345 1330 2384 5,
1359 2350 1376 2376 2
1404 2347 1462 2377 de-

46 2404 282 2436 scendentibus
321 2405 356 2435 in
389 2405 586 2435 societatem
620 2404 749 2444 (Fuitne
783 2404 1016 2435 deserentibus
1051 2403 1290 2443 societatem?)
1313 2405 1318 2443 1
1341 2404 1462 2435 consili

45 2458 164 2502 (Gryn.
193 2462 344 2501 concilii)
367 2464 371 2501 Ι
391 2463 568 2493 boetorum
616 2466 636 2492 4
663 2463 826 2494 societate
897 2461 929 2498 6,
959 2464 973 2493 1
1003 2462 1137 2493 ceronia
1157 2462 1164 2502 1
1187 2461 1307 2492 deinde
1329 2462 1462 2492 athenis

47 2519 66 2546 2
101 2517 213 2549 itineri
253 2522 273 2550 3
310 2520 385 2560 quis
419 2520 525 2560 legati
555 2519 654 2552 Gron.
720 2524 740 2550 4
767 2519 955 2551 calchide-m
1027 2518 1058 2556 7,
1086 2523 1104 2549 2
1144 2519 1282 2549 comitia
1306 2519 1461 2560 praetoris

44 2573 220 2608 boetarum
284 2581 304 2608 3
331 2587 537 2618 persequens
564 2587 603 2608 eo
629 2582 706 2608 acta
778 2580 799 2607 4
826 2577 995 2608 decretum
1021 2576 1134 2607 thebis
1158 2577 1229 2608 sine
1255 2577 1463 2607 betloetarce

45 2633 185 2666 urbibus
238 2633 272 2673 8,
300 2637 314 2666 1
345 2636 471 2676 tespias
520 2639 539 2666 2
566 2635 661 2666 tebas
701 2638 720 2665 3
747 2634 890 2675 priuatis
941 2633 974 2672 9,
993 2637 1013 2665 2
1039 2634 1189 2666 absentis
1232 2635 1252 2663 3
1270 2633 1462 2664 calchidem

1495 872 1515 906 U!
