1796 2929
309 145 380 181 142
682 141 782 171 Liber
806 139 932 171 XLIII.
986 139 1044 179 (A.
1072 150 1104 171 u.
1133 150 1162 171 e.
1191 139 1287 179 585.)

138 261 186 306 21
362 264 406 300 L.
437 260 600 306 Coelius,
630 262 779 309 legatus
810 263 1029 306 Romanus,
1059 269 1222 312 praeerat
1255 262 1430 311 Illyrico;
1468 261 1546 309 qui,
1575 274 1656 298 mo-

250 333 330 369 veri
360 344 435 367 non
466 342 602 373 ausus,
633 341 716 366 cum
747 331 784 367 in
816 332 861 367 iis
889 332 982 368 locis
1012 345 1081 369 rex
1111 339 1231 376 esset,
1262 338 1349 380 post
1379 330 1655 380 profectionem

251 403 403 438 demum
449 400 528 435 eius
567 406 728 436 conatus
764 401 800 436 in
831 402 1005 438 Penestis
1038 403 1232 440 Uscanam
1265 401 1457 449 recipere,
1503 412 1526 436 a
1558 412 1657 448 prae-

248 470 369 513 sidio,
414 468 515 516 quod
556 468 609 504 ibi
638 469 895 507 Macedonum
927 476 1030 515 erat,
1074 484 1159 508 eum
1191 472 1318 508 multis
1347 469 1567 506 volneribus
1599 481 1658 505 re-

194 542 215 577 2
250 539 394 587 pulsus,
426 538 664 586 Lychnidum
696 540 828 587 copias
858 541 1020 579 reduxit.
1081 542 1175 577 Inde
1205 547 1291 589 post
1321 540 1400 576 dies
1432 551 1576 587 paucos
1605 539 1659 574 M.

251 607 486 644 Trebellium
521 607 791 655 Fregellanum
837 622 921 645 cum
965 610 1060 646 satis
1091 610 1221 646 valida
1255 623 1368 646 manu
1409 610 1443 644 in
1475 609 1658 644 Penestas

252 677 354 714 misit
385 677 433 713 ad
462 677 614 713 obsides
653 678 701 713 ab
740 678 785 714 iis
831 679 1009 723 urbibus,
1047 692 1131 727 quae
1176 679 1214 715 in
1252 678 1420 714 amicitia
1460 690 1544 713 cum
1586 677 1661 713 fide

199 751 219 785 3
253 753 567 795 permanserant,
605 747 860 795 accipiendos,
927 749 1142 785 Procedcre
1173 748 1285 784 etiam
1316 748 1354 783 in
1384 747 1591 784 Parthinos
1621 746 1661 790 (ii

251 828 404 864 quoque
434 816 587 852 obsides
617 816 709 852 dare
740 818 979 866 pepigerant)
996 818 1112 855 iussit.
1158 818 1222 854 Ab
1255 824 1416 864 utraque
1439 822 1550 865 gente
1581 816 1662 852 sine

250 885 413 922 tumultu
444 886 582 933 exegit.
629 887 881 923 Penestarum
918 888 1062 935 equites
1091 886 1360 934 Apolloniam,
1389 886 1660 923 Parthinorum

254 955 509 1004 Dyrrachium
565 959 658 998 (tum
706 955 912 1002 Epidamni
971 957 1095 1005 magis
1135 956 1282 992 celebre
1326 968 1464 992 nomen
1515 955 1662 992 Graecis

199 1026 220 1059 4
253 1028 353 1070 erat)
387 1024 502 1060 missi.
569 1026 647 1073 Ap.
679 1024 885 1070 Claudius,
929 1034 1125 1074 acceptam
1158 1026 1195 1061 in
1232 1026 1383 1075 Illyrico
1415 1025 1661 1073 ignominiam

253 1094 442 1142 corrigere
469 1094 649 1142 cupiens,
679 1095 917 1141 Phanotam,
948 1096 1056 1144 Epiri
1087 1095 1296 1138 castellum,
1328 1095 1484 1130 adortus
1515 1106 1662 1143 oppug-

252 1176 345 1200 nare
375 1171 443 1201 est.
486 1164 645 1200 Auxilia
663 1163 863 1201 Chaonum
882 1166 1264 1214 Thesprotorumque
1294 1170 1430 1212 praeter
1446 1166 1661 1201 Romanum

200 1236 220 1270 5
255 1232 485 1275 exercitum,
533 1233 581 1268 ad
623 1234 682 1269 VI
725 1234 827 1270 milia
875 1235 1092 1279 hominum,
1137 1247 1264 1271 secum
1311 1234 1492 1277 adduxit3
1540 1245 1664 1281 neque

252 1314 379 1350 operae
408 1302 568 1350 pretium
601 1301 709 1347 fecit,
742 1302 887 1348 Cleua,
921 1305 983 1352 qui
1014 1305 1167 1341 relictus
1195 1317 1219 1340 a
1253 1304 1396 1340 Perseo
1427 1310 1530 1347 erat,
1577 1315 1661 1339 cum

252 1371 381 1406 valido
421 1371 597 1419 praesidio
637 1372 873 1410 defendente.
938 1375 988 1410 Et
1018 1375 1205 1417 Perseus,
1244 1373 1430 1409 Elimeam
1469 1372 1663 1421 profectus

253 1446 289 1476 et
320 1439 422 1476 circa
456 1453 538 1476 eam
580 1443 748 1478 exercitu
779 1443 960 1488 lustrato,
1003 1444 1051 1479 ad
1085 1443 1276 1486 Stratum,
1314 1442 1541 1478 vocantibus
1570 1441 1664 1489 Epi-

200 1515 222 1550 6
253 1509 360 1554 rotis,
393 1510 506 1547 ducit.
570 1511 722 1549 Stratus
753 1513 990 1550 validissima
1021 1521 1097 1549 tum
1132 1513 1222 1549 urbs
1253 1513 1411 1549 AEtoliae
1441 1518 1534 1547 erat.
1580 1510 1665 1549 Sita

254 1587 310 1615 est
341 1591 456 1628 super
487 1582 736 1618 Ambracium
769 1583 916 1627 sinum,
954 1595 1075 1632 prope
1106 1595 1256 1619 amnem
1298 1582 1496 1618 Inachum.
1565 1579 1663 1617 Cum

253 1649 384 1685 decern
416 1649 567 1686 milibus
598 1651 765 1699 peditum
799 1664 843 1687 eo
874 1651 1068 1700 profectus
1099 1660 1155 1688 est
1185 1659 1222 1689 et
1252 1652 1443 1700 equitibus
1474 1650 1663 1690 trecentis,

256 1732 352 1767 quos
383 1720 584 1767 pauciores
614 1728 772 1769 propter
804 1722 1000 1769 angustias
1031 1722 1179 1757 viarum
1205 1727 1242 1757 et
1267 1721 1511 1769 asperitatem
1545 1720 1666 1756 duxit.

256 1922 353 1960 XXI,
381 1922 412 1959 1,
444 1926 456 1953 1
485 1920 619 1962 illyrico
670 1922 734 1952 2in
760 1922 788 1952 is
811 1920 816 1964 Ι
839 1931 898 1952 rex
923 1931 990 1952 non
1008 1928 1095 1952 esset
1145 1925 1165 1951 4
1183 1921 1325 1962 repulsis
1353 1918 1665 1961 5lycidum(Gryn.

255 1991 459 2031 Lycnidum)
511 1991 543 2029 2,
572 1995 590 2021 2
618 1980 830 2022 trebelliaum
853 1992 855 2032 Ι
876 2000 978 2020 manu
1003 1990 1182 2030 paeneistas
1231 1993 1250 2020 3
1266 1989 1317 2020 his
1333 1989 1464 2031 Kreyss.
1489 1990 1494 2027 Ι
1517 1988 1665 2019 amitiam

255 2047 287 2085 3,
315 2052 325 2078 l
357 2050 508 2089 partinos
557 2049 644 2079 Duoe
669 2054 769 2079 tamen
795 2054 937 2079 excremae
962 2046 1070 2078 lieterae
1096 2046 1157 2088 leyi
1194 2058 1252 2077 non
1275 2053 1415 2088 possunt.
1440 2048 1445 2086 Ι
1468 2047 1507 2077 iis
1534 2055 1666 2086 quoque

256 2110 275 2136 3
303 2106 392 2145 exigi
423 2106 520 2137 Gron.
545 2105 550 2147 Ι
572 2112 789 2147 penestorum
825 2105 953 2144 equites
991 2104 1111 2146 (Gryn.
1139 2104 1362 2135 Penestarum
1388 2104 1531 2135 obsides.
1582 2102 1667 2134 Puto

257 2175 373 2215 equites
396 2186 455 2215 pro
483 2174 640 2206 obsidibus
654 2161 1080 2216 fizisse.)lpart'yiouorum
1136 2178 1155 2204 4
1190 2173 1378 2214 dyrrucium
1402 2174 1406 2212 Ι
1429 2182 1526 2203 omen
1587 2171 1619 2209 4,
1647 2175 1665 2202 2

255 2243 439 2283 phalanom
477 2243 594 2286 (Gryn.
623 2243 830 2283 Phanotem)
852 2243 857 2285 Ι
879 2243 1067 2284 oppugnari
1095 2248 1146 2273 est
1174 2241 1244 2284 My.
1271 2241 1344 2273 Em.
1373 2241 1458 2279 215,
1494 2241 1547 2272 ubi
1566 2251 1668 2282 prave

257 2311 433 2341 expressum
459 2307 504 2331 est
528 2302 680 2332 adorsus.
728 2300 848 2342 (Gryn.
878 2309 1084 2342 oppugnare,
1113 2305 1145 2330 et
1171 2300 1270 2340 aux.)
1316 2303 1334 2330 3
1352 2299 1513 2330 thounum
1537 2303 1667 2338 tespro-

259 2363 436 2398 torumque
464 2357 535 2399 1119.
580 2357 697 2400 (Gryn.
728 2358 958 2388 Athamanum
989 2358 1148 2398 Thespr.)
1198 2362 1216 2388 4
1243 2358 1285 2387 ad
1312 2364 1347 2388 ui
1373 2356 1546 2387 hominum
1596 2354 1628 2392 5,
1652 2359 1663 2385 l

260 2424 335 2455 neq.
351 2424 451 2456 opere
466 2416 617 2455 praetium
638 2420 656 2446 2
673 2425 773 2446 creua
792 2419 810 2445 3
827 2415 988 2446 aelimeam
1005 2414 1120 2456 (Gryn.
1136 2415 1167 2445 in
1183 2414 1370 2453 Elimeam)
1398 2417 1417 2444 4
1437 2422 1510 2444 eam
1527 2418 1559 2443 et
1573 2422 1667 2443 exer-

262 2473 364 2504 citum
384 2470 388 2511 Ι
408 2471 529 2503 Crever.
547 2483 620 2504 voc.
636 2473 763 2504 AEtolis
802 2472 833 2510 6,
864 2476 876 2503 1
907 2473 1152 2503 ualidissimum
1178 2472 1258 2503 urbs
1283 2471 1448 2502 aetolierat
1496 2474 1514 2501 2
1534 2469 1668 2501 ambra-

258 2531 343 2561 ciam
374 2530 444 2561 sine
479 2540 583 2570 prope
613 2531 617 2570 Ι
649 2540 779 2561 amnem
814 2539 933 2560 acaum
968 2528 1100 2571 Kreyss.
1129 2541 1144 2560 e
1169 2540 1194 2560 c.
1224 2529 1292 2566 22,
1321 2528 1344 2559 2
1382 2527 1504 2569 (Gr-yn.
1538 2536 1667 2558 amnem

259 2587 448 2619 Acheloum
483 2598 497 2617 e
524 2586 634 2629 Polyb.
662 2586 728 2623 JV,
759 2586 816 2625 63,
854 2586 888 2625 V,
921 2585 964 2625 7.)
