1742 2902
463 122 565 152 Liber
590 121 681 153 XLI.
734 123 795 161 (A.
825 122 900 154 Chr.
934 122 1027 162 174.)
1345 124 1387 159 31

42 249 178 285 tames,
202 251 324 280 utrum
348 247 546 282 Romanos
568 260 614 282 an
642 231 860 294 Philifspum
888 258 1145 293 sequeremur.
1190 244 1297 280 Nihil
1328 250 1449 279 metus

41 326 206 363 praesens
245 316 292 350 ab
332 316 516 351 Romanis
557 316 763 351 sententias
802 324 952 351 nostras
990 314 1197 358 inclinarit3
1242 314 1311 349 fuit
1350 322 1451 351 certe

41 390 166 420 tamen
199 384 362 431 aliquid,
404 386 505 432 quod
546 392 623 421 tam
662 386 815 432 longam
848 386 1158 421 deliberationem
1192 385 1344 422 faceret.
1404 386 1449 421 Id

41 453 128 502 quid
160 454 268 490 erat?
327 454 491 490 Vetusta
533 456 748 491 coniunctio
789 468 872 491 cuin
915 455 1211 497 R‘Iacedouibus,
1253 462 1381 490 vetera
1414 462 1449 491 et

39 536 177 572 magna
216 525 251 559 in
291 537 359 560 nos
395 538 525 572 regum
560 525 704 562 merita.
763 525 927 560 Valeant
960 537 1058 560 nunc
1089 525 1220 560 eadem
1254 526 1338 568 illa,
1371 539 1447 562 non

38 600 80 631 ut
111 595 300 642 praecipue
331 595 464 636 amici,
505 596 570 630 sed
611 608 658 631 ne
697 596 886 643 praeoipue
924 595 1063 631 inimici
1105 595 1234 632 simus.
1295 596 1356 631 Ne
1399 596 1448 640 id,

38 664 137 712 quod
171 677 245 700 non
277 665 414 713 agitur,
446 664 684 707 Callicrates,
721 665 1028 701 simulaverimus
1061 665 1133 713 agi.
1181 665 1306 701 Nemo
1339 679 1448 702 novae

36 735 228 771 societatis
273 742 334 770 aut
375 736 463 770 novi
503 734 679 777 foederis,
720 749 794 783 quo
832 748 902 772 nos
933 744 1075 771 temere
1105 735 1328 781 inligemus,
1356 748 1445 772 con-

35 805 221 841 scribendi
254 812 310 841 est
339 812 491 847 aneton
530 805 595 840 sed
639 806 908 841 commercium
953 812 1097 841 tantum
1130 806 1221 841 iuris
1252 806 1445 853 praebendi

34 875 305 923 repetendique
336 875 396 918 sit,
426 887 472 910 ne
504 874 770 910 interdictione
794 874 921 910 finium
947 882 1150 910 nostrorum
1176 882 1329 911 nostros
1352 889 1445 923 quo-

36 957 108 993 que
138 954 155 990 †
185 951 221 980 et
243 957 313 980 nos
334 957 452 992 regno
483 956 693 981 arceamus.
747 945 808 981 Ne
839 944 958 980 servis
985 945 1125 980 nostris
1153 945 1281 993 aliquo
1314 945 1446 993 fugere

33 1015 168 1059 liceat,
213 1015 302 1063 quid
347 1016 420 1051 hoe
458 1015 642 1051 adversus
675 1016 852 1051 Romana
891 1013 1037 1050 foedera
1077 1012 1163 1049 est?
1232 1015 1331 1061 Quid
1363 1028 1441 1051 rem

33 1097 191 1134 parvam
238 1091 274 1120 et
315 1092 487 1132 apertam
537 1098 715 1133 magnam
759 1090 795 1120 et
834 1091 1049 1132 suspectam
1087 1083 1280 1119 facimus?
1343 1084 1443 1131 Quid

31 1167 152 1192 vanos
188 1155 369 1191 tumultus
400 1154 570 1191 ciemus?
630 1155 742 1202 Quid,
774 1161 813 1190 ut
845 1154 916 1202 ipsi
948 1153 1072 1188 locum
1108 1153 1333 1189 adsentandi
1366 1156 1444 1190 Ro-

31 1225 152 1262 manis
192 1226 423 1268 habeamus,
477 1231 675 1272 suspectos
716 1225 812 1261 alios
859 1223 1080 1270 invisosque
1126 1222 1341 1259 efficimus?
1404 1223 1445 1261 Si

29 1294 168 1331 bellum
202 1295 283 1337 erit,
308 1307 355 1330 ne
376 1296 541 1330 Perseus
573 1294 724 1341 quidem
751 1294 912 1337 dubitat„
944 1293 1033 1340 quin
1061 1294 1258 1329 Romanos
1279 1293 1445 1329 secuturi

30 1363 165 1408 simus;
197 1364 231 1400 in
255 1377 361 1412 pace,
386 1365 534 1400 etiamsi
557 1377 631 1399 non
647 1365 828 1400 finiuntur
846 1363 946 1400 odia.
964 1363 1298 1400 intermittantur.“
1347 1362 1443 1399 Cum

28 1433 140 1471 iidem
173 1435 259 1470 huic
291 1434 473 1478 orationi,
513 1435 576 1482 qui
616 1434 749 1470 litteris
788 1434 889 1481 regis
922 1433 1072 1469 adsensi
1104 1439 1229 1477 erant,
1277 1433 1443 1469 adsenti-

28 1510 169 1549 rentur,
199 1504 460 1552 indignatione
495 1504 730 1551 principum,
762 1504 884 1551 quod,
917 1516 1030 1551 quam
1062 1516 1140 1539 rem
1174 1516 1221 1539 ne
1251 1503 1444 1550 legatione

17 1573 178 1621 'quidem
211 1574 364 1622 dignam
397 1573 600 1609 iudicasset
634 1575 818 1617 Perseus,
859 1573 993 1608 litteris
1020 1585 1230 1620 paucorum
1263 1584 1440 1608 versuum

27 1643 261 1692 impetraret,
291 1644 483 1680 decretum
516 1642 700 1679 differtur.
756 1643 893 1691 Legati
924 1643 1060 1679 deinde
1090 1651 1226 1691 postea
1257 1642 1361 1679 missi
1392 1643 1441 1678 ab

27 1879 46 1908 3
72 1887 248 1920 sequemur
328 1879 383 1916 14,
413 1884 425 1911 l
461 1879 559 1921 Gryn.
588 1880 752 1911 Nonnihil
825 1885 844 1912 3
872 1881 998 1912 fecerat
1039 1880 1242 1912 Vascosanus
1263 1883 1268 1921 Ι
1290 1883 1323 1913 id
1351 1884 1439 1923 quod

28 1941 98 1967 erat
124 1942 290 1967 uetustate
316 1936 436 1978 (Gryn.
463 1938 611 1977 vetusta)
638 1938 798 1979 MgJ.Em.
827 1938 912 1970 ι506.
966 1942 982 1969 5
1011 1949 1120 1969 rerum
1172 1938 1226 1972 15.
1258 1943 1269 1969 l
1301 1940 1441 1971 ualeant

27 2002 155 2024 acnunc
171 1994 242 2035 My.
261 1993 380 2036 (Gryn.
405 1995 553 2025 Valeant
571 2002 604 2025 et
620 1996 727 2035 nunc)
763 2000 781 2026 2
800 2003 894 2027 setne
910 1997 1085 2036 praecipuae
1102 1997 1245 2026 inimicis
1296 2001 1314 2027 3
1335 1998 1440 2028 simu-

25 2048 205 2082 lauerimns
232 2062 270 2082 ae
297 2062 396 2082 nemo
424 2051 517 2083 Koch
559 2052 679 2093 (Gryn.
715 2054 996 2084 simulaverimus.
1032 2054 1154 2092 Nemo)
1189 2054 1194 2093 Ι
1228 2055 1307 2084 noui
1383 2054 1438 2093 16,

27 2109 46 2137 2
73 2107 319 2150 derependique
342 2109 346 2148 Ι
368 2109 485 2140 finium
521 2117 652 2142 nostros
679 2110 750 2151 Mq.
783 2112 786 2150 Ι
819 2117 851 2142 et
883 2112 1041 2149 nosse-gni
1075 2120 1252 2142 arceamus
1286 2111 1439 2143 Fortasse

25 2165 114 2196 scrib.
143 2172 275 2198 nostros
302 2177 435 2208 quoque
463 2169 550 2199 cives
576 2178 680 2208 regno
706 2179 879 2200 arceamus
906 2175 962 2199 ant
987 2178 1018 2199 n.
1037 2178 1068 2208 q.
1092 2169 1179 2199 cives
1196 2168 1319 2199 finibus
1343 2170 1435 2209 regni

26 2229 91 2252 arc,
119 2221 238 2264 (Gt-yn.
265 2224 380 2255 finium
410 2232 603 2256 nostrorum
631 2233 663 2256 et
681 2236 742 2256 nos
765 2236 899 2266 quoque
922 2226 1046 2266 regno)
1106 2230 1124 2256 3
1152 2225 1436 2266 Interpunctt'onem

25 2281 157 2316 mutavz'3
185 2291 255 2311 nam
274 2288 356 2312 erat:
375 2292 444 2312 arca
455 2293 560 2320 amus,
580 2293 620 2313 nc
641 2301 679 2305 —
696 2284 805 2314 liceat.
835 2283 923 2321 Quid
942 2284 1007 2314 hoc
1033 2285 1191 2315 adversus
1209 2285 1266 2315 -?
1312 2288 1331 2314 4
1348 2286 1436 2325 quod

25 2333 88 2366 hoc
126 2336 180 2371 17,
196 2342 214 2368 2
231 2339 724 2380 parbamapertametmagnam
764 2345 782 2371 3
799 2341 943 2371 sciemus
991 2341 1044 2376 18,
1064 2344 1076 2371 l
1107 2350 1165 2372 aut
1191 2342 1252 2382 ipsi
1275 2343 1279 2381 Ι
1303 2343 1436 2373 romani

27 2395 46 2422 2
71 2392 232 2425 habemus
267 2397 271 2433 Ι
305 2396 390 2427 alios
415 2397 543 2428 inuisos
576 2397 744 2429 afficimus
778 2397 876 2429 Alsch
924 2398 1014 2429 Fort.
1048 2399 1243 2439 invisosque
1277 2399 1434 2432 facimus.

27 2446 143 2491 (Gr-yn.
176 2452 260 2483 alios
287 2463 326 2483 ae
353 2454 418 2485 inv.
446 2453 521 2492 eff.)
570 2459 588 2485 3
613 2461 687 2486 erat
736 2461 754 2486 4
781 2465 896 2486 sumus
919 2456 924 2495 Ι
946 2466 1060 2496 pacem
1084 2458 1089 2495 Ι
1111 2467 1179 2487 non
1206 2458 1286 2487 odio
1313 2456 1432 2499 (Gr-yn.

27 2506 120 2547 odia)
153 2508 313 2540 finiuntur
340 2509 721 2551 Baumqarten-Crusius.
814 2512 868 2550 19,
896 2517 913 2543 2
955 2514 1043 2544 idem
1078 2514 1082 2553 Ι
1117 2515 1246 2546 adsenti
1285 2514 1433 2547 Freinsh.

26 2573 144 2617 (Gryn.
172 2577 415 2619 adsentierant)
470 2584 488 2610 3
515 2566 699 2621 legationie
751 2584 767 2611 5
795 2582 976 2622 imperaret
1005 2581 1102 2614 (ἔνου.

1488 245 1530 278 14

1486 523 1528 558 15

1482 802 1527 837 16

1481 1013 1524 1047 17

1480 1152 1526 1188 18

1480 1363 1525 1398 19

1473 1641 1523 1678 20
