1753 2934
149 1555 201 1599 22

316 119 392 154 ’234
656 118 758 149 Liber
782 119 889 150 XLV.
946 120 1007 158 (A.
1035 129 1066 149 n.
1095 128 1122 149 c.
1147 119 1240 157 587.)

259 245 295 274 et
325 251 371 274 ex
401 239 684 286 magistratibus
714 241 794 276 eius
824 241 912 278 anni
942 241 1160 289 deligerent,
1192 240 1256 288 qui
1286 239 1391 275 adid
1411 238 1550 274 bellum
1571 250 1656 275 cum

207 308 227 341 3
260 308 380 343 classe
411 308 630 350 mitteretur,
661 322 701 346 se
732 324 815 348 eum
847 323 1004 360 sperans
1034 310 1200 347 futurum
1234 322 1328 347 esse.
1387 309 1487 344 Huic
1519 309 1657 346 actioni

260 377 313 412 M.
345 379 536 415 Antonius
574 385 609 415 et
646 380 700 418 M.
732 382 968 429 Pomponius
1007 380 1146 418 tribuni
1185 380 1305 428 plebis
1345 379 1657 415 adversabantur.

207 446 224 478 Α1
261 447 335 483 Sed
375 454 410 483 et
446 455 586 496 praetor
624 463 725 486 novo
766 452 943 499 maloque
989 451 1164 499 exemplo
1207 463 1285 486 rem
1331 450 1522 498 ingressus
1565 456 1657 489 erat,

259 518 383 564 quod.
420 531 495 554 non
538 526 626 556 ante
663 521 834 557 consulto
877 527 1031 565 senatu,
1074 534 1149 556 non
1189 519 1406 557 consulibus
1436 519 1658 555 certioribus

259 587 390 627 factis,
421 588 467 624 de
497 600 566 625 sua
599 591 706 626 unius
736 591 922 627 sententia
951 590 1187 638 rogationem
1217 589 1357 634 ferret,
1387 589 1525 625 vellent
1553 587 1658 623 iube-

207 655 226 687 ἦ
258 663 389 693 rentne
419 658 577 695 Rhodiis
608 660 745 696 bellum
777 660 908 705 indici,
939 672 1022 696 cun]
1055 665 1167 696 antea
1195 671 1344 706 semper
1373 659 1476 707 prius
1506 663 1658 715 senatus

259 726 305 761 de
334 727 432 763 bello
464 730 656 766 consultus
687 738 803 767 esset.
838 730 972 766 deinde
1008 743 1050 766 em
1089 732 1301 766 <nector-itate
1332 735 1481 777 patrum
1513 727 1562 763 ad
1591 738 1659 775 po-

206 794 226 828 6
257 797 385 844 pulum
419 798 549 839 latum,
581 809 617 836 ct
646 801 784 837 tribuni
815 800 947 849 plebiS,
978 813 1062 836 cum
1084 800 1138 835 ita
1157 801 1335 837 traditum
1360 806 1469 838 esset,
1499 809 1545 833 ne
1576 797 1659 844 quis

252 868 360 914 prius
390 867 636 906 intercederet
666 871 756 920 legi,
799 883 913 919 quarn
944 870 1103 918 privatis
1130 869 1313 905 suadendi
1343 867 1660 915 dissuadendique

258 937 379 985 legem
411 945 580 986 potestas
611 940 713 976 facta
745 949 854 986 esset,
885 953 1007 988 eoque
1028 952 1198 988 persaepe
1219 940 1416 984 evenisset,
1448 944 1489 974 ut
1519 945 1567 982 et,
1598 938 1661 985 qui

258 1019 334 1043 non
366 1007 528 1056 professi
559 1018 684 1047 essent
714 1024 753 1047 se
783 1013 1078 1053 intercessuros,
1119 1010 1393 1045 animadversis
1430 1008 1530 1044 vitiis
1567 1007 1661 1055 legis

208 1076 224 1107 Τ
260 1090 307 1114 ex
338 1079 510 1115 oratione
535 1079 846 1125 dissuadentium,
873 1081 1158 1122 intercederent,
1184 1087 1232 1124 et,
1265 1080 1327 1128 qui
1359 1079 1407 1115 ad
1428 1078 1661 1115 interceden-

259 1148 345 1183 dum
394 1149 603 1191 venissent,
648 1151 892 1194 desisterent,
951 1150 1041 1186 victi
1090 1151 1379 1187 auctoritatibus
1424 1148 1662 1184 suadentium

258 1218 393 1266 legem.
465 1219 566 1254 Tum
604 1219 701 1255 inter
732 1229 933 1268 praetorem
964 1220 1213 1268 tribunosque
1244 1220 1371 1256 onmia
1401 1218 1663 1267 intempestive

206 1290 225 1318 *δ’
258 1288 395 1336 agendi
433 1295 624 1325 certamen
665 1297 758 1328 erat.
830 1290 992 1326 Tribuni
1038 1290 1316 1327 festinationem
1362 1289 1534 1338 praetoris
1577 1295 1664 1325 ante

258 1364 408 1406 tempus
438 1358 704 1395 intercedendo
735 1361 756 1381 '³¹⁶
774 1361 833 1382 *ἒ*
865 1361 900 1396 in
931 1360 1134 1396 adventum
1166 1360 1396 1411 imperatoris

347 1567 392 1607 .,*
409 1566 430 1587 *
453 1572 520 1602 est.
566 1567 921 1609 I'eccaverimusne,
953 1568 1076 1603 adhuc
1097 1567 1252 1604 dubium
1275 1572 1349 1611 est3
1379 1578 1524 1615 poenas,
1554 1566 1661 1615 igno-

259 1635 393 1671 minias
427 1648 557 1672 omnes
601 1637 675 1673 iam
713 1638 890 1686 patimur.
950 1640 1097 1679 Antea,
1128 1636 1507 1686 Carthaginiensibus
1540 1637 1661 1679 victis,

256 1825 289 1861 ⁶2,
310 1830 328 1855 2
348 1826 533 1864 deligerent
558 1826 637 1865 quid
664 1833 719 1856 aut
739 1826 862 1856 bellum
891 1835 965 1856 cum
985 1826 1124 1857 classem
1176 1830 1194 1856 3
1214 1836 1248 1857 se
1272 1834 1345 1856 cum
1394 1825 1426 1863 3,
1445 1829 1462 1856 2
1482 1835 1525 1856 m.
1546 1827 1660 1857 antoni

258 1884 314 1914 sed
343 1894 385 1914 m.
436 1882 468 1920 4,
500 1887 511 1913 l
542 1884 751 1923 ingressurus
802 1888 818 1913 2
847 1890 923 1913 ante
951 1894 1016 1914 non
1044 1884 1197 1914 consulto
1224 1883 1294 1925 My.
1322 1883 1394 1914 Em.
1423 1882 1491 1914 0¹01
1541 1887 1559 1914 3
1586 1894 1660 1915 sen-

259 1941 394 1972 tentium
446 1942 653 1981 rogationem
681 1941 804 1971 uellent
830 1940 955 1971 ferrent
980 1941 1177 1972 iuberentne
1202 1942 1304 1972 rodiis
1355 1941 1385 1978 5,
1406 1945 1424 1972 2
1457 1941 1576 1972 deinde
1601 1951 1660 1982 pa-

258 2004 342 2029 trum
370 1998 500 2039 lire-213⁸.
530 1998 646 2039 (Gryn.
674 2004 803 2039 patrum
831 1998 907 2035 om.)
964 2000 994 2035 6,
1022 2003 1034 2030 l
1066 1999 1143 2030 Post
1171 2000 1291 2030 tribuni
1318 1999 1426 2039 plebis
1449 1997 1553 2030 videri
1576 1999 1659 2030 exci-

258 2056 338 2087 disse
364 2055 496 2097 (dirluid,
523 2055 608 2097 qnod
629 2056 811 2096 pertinuerit
836 2055 883 2086 ad
897 2058 1026 2097 jactum
1052 2057 1239 2088 tribunorum
1267 2055 1437 2088 notandum
1463 2057 1566 2096 (quod
1593 2058 1660 2097 legi

257 2115 474 2155 promulgatae
510 2114 623 2144 statim
650 2114 931 2154 intercederent),
978 2112 1128 2155 Siqonius
1152 2114 1384 2146 animadvertit.
1409 2114 1414 2154 Ι
1437 2124 1478 2145 ne
1506 2115 1583 2155 quid
1610 2115 1660 2146 in·

257 2173 425 2203 terccdere
442 2172 468 2202 ei
484 2172 551 2211 legi
564 2172 694 2212 (omitti
706 2172 796 2212 prius
807 2171 851 2203 II.
865 2183 923 2202 ηοιι
938 2171 1095 2211 adnotat.)
1123 2176 1142 2204 3
1157 2171 1503 2214 potetastem1eaque!
1518 2178 1593 2204 uter
1602 2174 1658 2214 qui

258 2228 387 2271 Kreyss.
405 2229 524 2270 (ὕψη.
540 2235 585 2268 ut,
601 2229 670 2270 qui)
710 2234 729 2260 4
744 2230 976 2261 aninaduersis
991 2230 1068 2261 uitis
1106 2233 1122 2260 5
1139 2240 1180 2260 ex
1191 2231 1320 2262 ratione
1338 2229 1435 2262 Gron.
1455 2228 1458 2269 ἦ
1476 2232 1658 2263 intercede—

256 2293 370 2318 rentur
410 2287 440 2325 7,
457 2291 474 2318 3
502 2293 571 2318 tum
599 2288 836 2328 inpetratorem
863 2288 1354 2329 tribunosque,intempestiuae
1413 2288 1445 2327 8,
1474 2292 1492 2319 2
1519 2289 1659 2320 interce-

257 2345 366 2376 dendo
393 2345 424 2375 in
450 2346 630 2376 aduentum
656 2346 700 2376 im
774 2345 868 2376 Recte
893 2345 971 2376 inter
1002 2345 1240 2377 intercedendo
1273 2352 1300 2376 el
1331 2347 1364 2377 in
1401 2347 1581 2377 aduentum
1614 2347 1657 2378 im

257 2402 452 2443 (peratoris)
478 2401 603 2443 aliquid
626 2402 777 2434 excidisse
799 2408 947 2434 statuunt.
987 2401 1025 2433 Ῑη
1051 2402 1159 2434 litteris
1183 2404 1226 2434 im
1255 2403 1448 2445 (lesinitfol.
1476 2403 1556 2436 165.
1603 2403 1657 2436 In-

256 2459 507 2500 terciclitfolium
530 2467 715 2501 postremum
741 2460 952 2502 quaternionis
979 2459 1115 2502 XXX,
1141 2461 1172 2491 in
1197 2472 1256 2502 quo
1284 2461 1405 2503 reliqua
1432 2461 1470 2492 de
1494 2462 1657 2493 certamine

253 2524 398 2559 proetorm
422 2523 451 2548 ec
474 2518 663 2549 tribunorum
688 2519 806 2559 scripta
828 2519 968 2559 fuerant
993 2524 1020 2549 et
1055 2517 1093 2549 (lc
1119 2517 1228 2560 Ieyatis
1254 2518 1452 2551 Rhodiorum
1477 2518 1601 2551 tandem
1626 2521 1656 2551 in

255 2581 392 2606 senatum
420 2574 602 2606 introductis
626 2575 861 2617 Astymedeque,
885 2575 1048 2617 leyationis
1068 2576 1222 2617 principe,
1249 2576 1351 2608 (licere
1367 2575 1560 2620 etJRhocIios
1580 2588 1657 2618 pur-

254 2644 330 2675 9are
355 2644 474 2664 exorso.
525 2633 638 2671 XXII,
666 2633 696 2667 1,
727 2637 739 2664 1
769 2633 831 2665 Est
857 2643 913 2664 om.
945 2633 1041 2675 Gryn.
1065 2634 1070 2673 1
1092 2636 1406 2674 peccauerimusnec
