1753 2934
458 142 557 173 Liber
582 141 689 174 XLV.
740 143 796 177 (A.
828 141 905 172 Chr.
937 141 1028 179 167.)
1324 142 1399 178 229

59 265 146 300 (lere
177 264 245 300 Cn.
279 265 486 301 Domitium
519 265 837 302 Ahenobarbum.
869 264 1190 303 SenCornelium
1223 263 1379 303 Sullam,
1411 263 1454 299 L.

61 334 220 378 lunium,
252 335 298 370 T.
317 336 530 371 Numisium
553 335 880 383 Tarquiniensem.
911 336 961 372 Α.
984 334 1202 370 Terentium
1228 335 1456 370 Varronem.

59 403 102 438 ln
136 404 325 452 Illyricum
365 411 488 441 autem
530 405 565 440 hi
606 404 809 447 nominati,
848 405 893 441 1’,
925 403 1051 439 AElius
1085 403 1199 451 Ligus
1237 403 1456 440 consularis.

60 472 102 509 C.
144 473 332 510 Cicereius
379 481 414 509 et
460 472 528 509 Cn.
571 473 720 510 Baebius
773 473 999 521 Tamphilus
1051 473 1125 517 (hic
1174 474 1299 522 priore
1346 486 1458 519 anno,

60 541 249 579 Cicereius
280 543 405 579 multis
436 551 522 579 ante
552 545 658 580 annis
686 550 824 592 praetor
854 544 1006 588 fuerat),
1037 543 1079 579 P.
1103 543 1304 579 Terentius
1324 543 1458 580 Tusci-

59 613 227 659 vicanns,
259 614 302 651 P.
337 614 527 651 Manilius.
595 614 730 650 Moniti
771 614 904 650 deinde
941 612 1113 649 consules
1144 625 1167 648 a
1194 613 1377 661 patribus,
1406 619 1458 657 ut,

60 684 236 730 quoniam
283 684 440 720 alterum
493 698 538 721 ex
579 685 623 720 iis
664 684 865 720 succedere
909 683 952 720 C.
1003 679 1166 720 Licinio'.
1211 683 1274 730 qui
1314 682 1460 730 legatus

59 754 274 789 nominatus
305 762 404 791 erut.
446 755 481 790 in
513 754 679 791 Galliam
713 760 924 802 oporteret,
964 753 1086 800 primo
1121 765 1261 801 quoque
1290 760 1461 800 tempore

58 823 274 870 provincias
305 832 371 860 aut,
399 832 651 873 conpararent
681 825 778 860 inter
799 835 838 859 se
869 831 932 859 ant
954 823 1188 866 sortirentur,
1218 822 1340 858 sortiti
1362 827 1458 857 sunt.

59 893 113 931 M.
144 893 255 930 Innio
286 895 386 930 Pisae
425 896 677 938 obvenerunt,
708 906 841 941 quem,
884 894 1103 942 priusquam
1147 894 1183 928 in
1226 892 1460 941 provinciam

58 963 139 998 iret.
170 963 400 1012 legationes,
433 977 515 1013 quae
547 965 709 1012 undique
740 966 900 1000 Romam
932 963 1162 1010 gratulatum
1193 967 1461 1006 convenerant,

58 1034 295 1071 introducere
343 1036 380 1071 in
430 1041 600 1071 senatun]
642 1035 802 1083 placuit,
857 1034 902 1080 Q.
933 1032 1040 1070 AElio
1081 1031 1218 1068 Gallia.
1284 1030 1458 1068 Ceterum

61 1116 291 1152 quamquam
331 1106 426 1141 tales
461 1105 530 1141 viri
564 1105 816 1141 mitterentur.
858 1116 1015 1151 quorum
1052 1103 1098 1138 (le
1129 1101 1286 1139 consilio
1317 1101 1462 1150 sperari

59 1182 188 1222 posset
216 1175 466 1224 imperatores
495 1175 586 1211 nihil
616 1175 809 1223 indignum
849 1187 918 1209 nec
948 1173 1147 1209 clementia
1175 1184 1244 1208 nec
1273 1172 1463 1220 gravitate

58 1244 189 1292 populi
211 1246 376 1282 Romani
397 1247 614 1282 decreturos
637 1257 729 1288 esse,
760 1251 887 1280 tamen
914 1244 951 1279 in
973 1250 1104 1280 senatu
1129 1255 1281 1290 quoque
1311 1243 1463 1290 agitatae

57 1321 141 1350 sunt
172 1327 328 1352 summae
359 1316 623 1354 consiliorum.
666 1322 706 1350 ut>
735 1315 913 1351 inchoata
954 1315 1081 1350 omnia
1111 1314 1224 1362 legati
1266 1314 1314 1349 ab
1348 1313 1462 1350 domo

57 1383 155 1420 ferre
186 1385 233 1421 ad
263 1385 511 1434 imperatores
541 1392 706 1434 possent.

171 1454 348 1492 Omnium
380 1456 541 1504 primum
579 1455 720 1491 liberos
750 1466 831 1491 esse
867 1455 1043 1503 placebat
1074 1455 1307 1491 Macedonas
1338 1454 1462 1502 adque

61 1523 230 1572 Illyrios,
262 1532 302 1561 ut
332 1526 506 1562 omnibus
536 1526 709 1573 gentibus
741 1532 964 1573 appareret,
1004 1538 1111 1561 arma
1139 1524 1270 1573 populi
1300 1524 1464 1560 Romani

60 1606 136 1629 non
188 1594 315 1630 liberis
368 1595 608 1631 servitutem.
662 1596 727 1631 sed
779 1601 912 1631 contra
958 1595 1207 1631 servientibus
1250 1594 1463 1631 libertatem

60 1664 212 1710 effer-re,-
252 1670 290 1699 ut
320 1670 369 1709 et,
409 1667 443 1700 in
474 1665 635 1701 libertate
667 1673 798 1713 gentes
829 1677 912 1712 quae
943 1671 1088 1710 essent,
1124 1670 1243 1700 tutam
1279 1676 1361 1700 eam
1392 1664 1464 1700 sibi

60 1739 320 1781 perpetuaque
351 1734 420 1769 sub
451 1734 569 1771 tutela
599 1747 699 1780 esse,
731 1742 778 1780 et,
810 1747 893 1782 quae
923 1736 993 1771 sub
1022 1735 1174 1783 regibus
1207 1735 1397 1779 viverent,
1427 1742 1464 1771 et

59 1803 98 1838 in
127 1815 292 1852 praesens
331 1809 480 1852 tempus
522 1805 688 1842 mitiores
731 1817 796 1842 eos
838 1805 1090 1853 iustioresque
1128 1811 1302 1853 respectu
1331 1804 1463 1853 populi

59 1873 224 1910 Romani
254 1874 394 1910 habere
424 1886 464 1910 se
493 1875 687 1911 crederent
718 1882 772 1912 et.
813 1875 843 1911 si
869 1876 1021 1922 quando
1046 1875 1185 1912 bellum
1216 1887 1298 1911 cum
1321 1875 1462 1923 populo

60 2059 79 2086 2
106 2056 359 2087 haenobarbum
383 2057 388 2096 1
410 2066 495 2096 serg.
523 2056 618 2088 Frnb.
639 2056 685 2088 JJ.
711 2057 715 2095 Ι
737 2057 854 2098 syllam
880 2057 955 2089 Tum
979 2058 1076 2098 (iryn.
1104 2057 1142 2088 L.
1162 2055 1305 2094 Iunium,
1335 2056 1370 2087 C.
1397 2059 1463 2087 An-

61 2114 188 2145 tistium
215 2115 430 2150 Labeonem,
468 2115 505 2145 T.
528 2114 735 2152 Numisium,
769 2114 817 2145 vel
848 2115 893 2145 sic
918 2121 1033 2146 tantum
1067 2126 1171 2145 novem
1199 2114 1317 2155 effectis
1342 2113 1462 2155 leyatc‘s.

62 2170 187 2203 ,Nomen
214 2171 373 2203 Labeonis
398 2183 413 2202 c
439 2184 464 2203 c.
491 2172 546 2212 31,
579 2172 616 2203 14
640 2172 778 2213 sumpsit.
807 2170 876 2203 „Sed
899 2179 927 2203 et
951 2173 1005 2203 ubi
1027 2171 1186 2203 Labeonis
1211 2183 1317 2203 nomen
1341 2170 1464 2203 eccide-

61 2229 102 2260 rit
115 2235 143 2260 et
155 2228 486 2271 quodnamprcelerea,
513 2231 655 2261 incertum
669 2236 722 2261 est.
773 2229 804 2263 4.
826 2233 837 2260 1
856 2231 1033 2271 inlyricum
1057 2231 1061 2269 Ι
1083 2231 1157 2271 pael.
1172 2231 1259 2270 ligus
1317 2234 1335 2261 2
1350 2241 1382 2272 p.
1398 2231 1465 2261 bae-

60 2298 135 2330 bins
149 2298 302 2339 pamfilus
319 2297 427 2340 Siyon.
465 2303 483 2330 3
512 2299 572 2337 (H.
589 2286 837 2331 tuscinci'canus
856 2300 952 2341 Gryn.
972 2300 1249 2339 Tuscivoicanus)
1276 2300 1307 2338 5,
1324 2304 1341 2330 2
1357 2310 1400 2331 ex
1412 2301 1464 2331 his

61 2355 133 2397 le.
175 2359 193 2387 3
219 2357 409 2388 nominatos
433 2358 437 2396 1
461 2363 593 2397 oportet
640 2359 747 2398 primo
774 2363 921 2399 tempore
971 2357 1002 2395 6,
1029 2362 1047 2388 2
1075 2363 1302 2389 conuenerunt
1326 2357 1414 2389 Duk.
1444 2362 1463 2389 3

63 2423 93 2454 q.
120 2414 193 2445 aelio
226 2421 373 2445 ceterum
429 2414 459 2453 7,
487 2419 506 2445 4
539 2415 677 2453 agitalte
702 2421 777 2446 suut
804 2425 935 2446 summa
962 2414 1032 2456 319.
1061 2414 1136 2446 Em.
1157 2414 1228 2447 598
1252 2415 1367 2457 (Gryn.
1394 2416 1465 2456 agi-

61 2475 131 2502 tata
155 2477 204 2503 est
228 2472 372 2513 summa)
423 2476 440 2503 6
466 2479 606 2513 possunt
652 2473 786 2509 XVIII,
806 2472 836 2509 1,
861 2476 880 2503 3
908 2479 937 2503 et
959 2472 991 2510 2,
1021 2477 1034 2504 l
1063 2472 1253 2504 libertatem
1279 2479 1394 2513 gentes
1444 2477 1463 2505 2

61 2534 324 2570 perpetuamque
352 2529 422 2571 My.
442 2529 515 2561 Em.
533 2529 604 2561 599
630 2542 662 2560 π.
692 2528 820 2571 (Siyon.
848 2539 1108 2571 perpetuamque
1134 2532 1194 2562 sub
1221 2531 1326 2563 tutela
1350 2533 1465 2574 populi

61 2585 206 2617 Romani
235 2586 326 2627 esse)
377 2591 395 2618 4
423 2589 596 2619 crederent
621 2599 680 2619 om.
713 2586 810 2629 Gryn.
842 2588 846 2628 Ι
869 2597 909 2620 eo
935 2588 961 2619 si

1488 407 1507 440 4

1490 618 1512 652 0!

1522 1452 1572 1497 18

1494 1670 1515 1704 Ιύ
