1796 2929
521 123 621 155 Liber
647 123 770 155 XLIII.
823 123 882 164 (A.
910 123 989 155 Chr.
1015 127 1104 166 169.)
1386 128 1458 163 ¹43

107 248 241 284 Tertio
286 247 346 284 die
390 259 473 284 cum
516 248 750 296 pervenisset
789 247 836 282 ad
869 245 1009 283 Citium
1049 247 1346 306 montem-vix
1392 252 1515 283 trans-
1549 250 1568 282 7

107 329 260 365 gressus
291 321 448 365 propter
477 316 713 352 altitudinem
744 315 866 361 nivis,
908 316 1032 352 locum
1066 329 1219 365 quoque
1249 316 1384 353 eastris
1416 328 1516 365 aegre

108 386 261 422 invenit.
341 385 543 422 Profectus
590 386 695 429 inde,
740 385 862 433 magis
903 387 993 434 quia
1034 399 1189 422 manere
1231 398 1308 422 non
1354 392 1515 434 poterat,
1549 389 1572 424 8

108 469 217 504 quam
248 456 350 503 quod
384 455 593 491 tolerabilis
636 460 702 490 aut
744 454 808 490 via
838 461 904 490 aut
933 461 1140 504 tempestas
1184 463 1303 499 esset,
1344 468 1427 491 cum
1460 456 1514 491 in-

107 525 210 574 genti
241 524 445 560 vexatione
475 524 664 572 praecipue
696 523 948 560 iumentorum
968 552 977 569 ,
1015 525 1136 561 altero
1163 525 1223 561 die
1255 525 1303 560 ad
1334 524 1514 572 templum

107 595 227 638 Iovis,
258 594 430 630 Nic-mum
471 605 582 641 quem
618 600 783 638 vocant,
822 594 950 642 posuit
991 601 1130 632 castra.
1209 595 1273 630 Ad
1307 595 1514 630 Aratthum
1547 599 1570 633 9

107 664 194 700 inde
225 665 377 707 flumen,
409 663 541 699 itinere
574 662 717 710 ingenti
751 676 917 708 emenso,
965 670 1133 700 retentus
1163 649 1363 700 altitudine
1393 662 1515 699 amnis

108 734 259 770 mansit.
325 732 411 780 Quo
442 732 567 780 spatio
599 733 780 781 temporis
811 739 928 782 ponte
958 733 1150 782 perfecto,
1181 733 1365 769 traductis
1396 733 1515 781 copiis

105 803 179 839 diei
209 814 435 852 progressus
464 803 548 846 iter,
579 802 733 838 obvium
747 803 1024 840 Archidamum
1055 803 1263 852 principem
1280 803 1515 847 AEtolorum,

105 885 174 921 per
199 885 311 920 quem
343 872 376 907 ei
407 871 559 909 Stratus
589 872 823 917 tradebatur,
858 873 1003 909 habuit.

218 942 277 979 Eo
313 941 373 977 die
403 941 451 977 ad
482 941 593 977 finem
626 941 709 988 agri
728 941 890 978 AEtolici
922 948 1049 978 castra
1078 943 1217 991 posita.
1266 941 1363 977 Inde
1393 941 1514 977 altero
1574 938 1628 982 22

106 1011 167 1048 die
197 1011 245 1047 ad
279 1011 451 1048 Stratum
484 1017 733 1058 perventum3
782 1011 866 1055 ubi,
903 1024 1025 1060 prope
1054 1012 1239 1048 Inachum
1271 1023 1420 1047 amnem
1453 1023 1516 1047 ca·
1548 1013 1570 1047 2

106 1081 193 1118 stris
220 1079 371 1129 positis,
399 1092 484 1117 cum
516 1087 736 1128 expectaret
763 1078 906 1117 effusos
937 1081 1111 1117 omnibus
1142 1081 1262 1129 portis
1292 1080 1449 1118 AEtolos
1479 1081 1517 1117 in

105 1150 218 1187 fidem
250 1162 359 1187 suam
400 1156 603 1195 venturos,
649 1150 799 1187 clausas
843 1155 976 1199 portas
1019 1151 1144 1198 adque
1188 1151 1274 1199 ipsa
1315 1163 1362 1187 ea
1393 1156 1516 1195 nocte,

108 1232 185 1269 qua
216 1226 396 1265 venerat,
437 1226 632 1267 receptum
668 1221 886 1256 Romanum
920 1221 1137 1268 praesidium
1172 1234 1256 1257 cum
1289 1219 1333 1258 C.
1364 1220 1515 1268 Popilio

106 1290 234 1338 legato
266 1289 424 1326 invenit.
495 1289 718 1338 Principes,
764 1290 828 1337 qui
858 1290 1056 1339 praesentis
1086 1290 1313 1327 Archidami
1351 1289 1515 1326 auctori·
1548 1290 1570 1324 3

108 1364 186 1395 tate
216 1358 390 1407 conpulsi
420 1371 548 1407 regem
581 1359 854 1404 arcessieram,
898 1359 1051 1395 obviam
1091 1371 1245 1407 egresso
1278 1359 1516 1395 Archidamo

106 1428 301 1477 segniores
331 1428 436 1474 facti,
465 1428 592 1464 locum
626 1429 795 1464 adversae
826 1428 984 1465 factioni
1023 1429 1207 1465 dederant
1244 1429 1293 1464 ad
1323 1428 1514 1476 Popilium

105 1510 191 1535 cum
219 1498 321 1534 mille
358 1498 548 1546 peditibus
591 1499 639 1534 ab
670 1499 884 1535 Ambracia
921 1498 1203 1535 accersendum.
1269 1498 1315 1534 In
1345 1505 1516 1546 tempore
1549 1500 1569 1533 4

104 1575 142 1604 et
174 1568 410 1612 Dinarchus,
451 1567 652 1616 praefectus
692 1568 859 1615 equitum
893 1568 1015 1617 gentis
1044 1568 1290 1611 AEtolorum,
1329 1579 1413 1602 cum
1446 1566 1516 1603 DC

104 1637 295 1686 peditibus
325 1643 363 1672 et
392 1637 582 1684 equitibus
613 1643 750 1673 centum
780 1639 883 1673 venit.
929 1637 1031 1675 Satis
1063 1637 1277 1679 constabat,
1310 1649 1393 1672 eum
1418 1643 1515 1672 tam-
1548 1640 1570 1674 5

104 1718 219 1755 quam
261 1706 309 1742 ad
346 1707 492 1742 Persea
528 1707 742 1743 tendentem
774 1707 945 1745 Stratum
985 1706 1153 1751 venisse,
1196 1714 1343 1742 mutato
1381 1707 1517 1742 deinde

103 1788 189 1812 cum
228 1775 385 1812 fortuna
416 1776 556 1822 animo,
587 1777 772 1814 Romanis
802 1790 854 1821 se,
885 1777 1070 1814 adversus
1089 1789 1185 1824 quos
1207 1784 1376 1821 venerat,
1407 1777 1515 1812 iunx-

103 1846 191 1883 isse.
255 1847 339 1883 Nec
369 1847 544 1896 Popilius
573 1847 762 1892 securior,
809 1859 922 1894 quam
955 1847 1120 1883 debebat.
1160 1858 1264 1889 esse,
1309 1846 1407 1881 inter
1436 1853 1513 1881 tam
1548 1849 1572 1882 6

103 1915 262 1952 mobilia
291 1916 444 1964 ingenia
473 1922 567 1953 erat.
631 1913 771 1953 Claves
811 1923 1009 1964 portarum
1058 1916 1348 1963 custodiamque
1387 1927 1515 1951 muro—

103 1998 186 2022 rum
220 1997 297 2022 suae
325 1986 518 2034 extemplo
549 1987 749 2033 potestatis
779 1986 885 2031 fecit;
918 1986 1157 2022 Dinarchum
1176 1985 1410 2032 AEtolosque
1429 1997 1513 2021 cum
1549 1989 1571 2022 7

103 2139 133 2178 7,
165 2145 176 2171 1
206 2147 297 2172 certo
318 2142 371 2171 die
394 2140 805 2182 1'transgressisAnonym.
857 2144 875 2170 2
903 2141 1078 2171 altitudine
1118 2139 1159 2183 ι8,
1181 2143 1192 2169 l
1223 2144 1354 2180 poterat
1379 2140 1468 2179 quod
1495 2143 1512 2169 2

103 2198 199 2228 uiaut
223 2204 404 2239 tempestas
430 2203 543 2229 essent
591 2202 610 2228 4
636 2198 769 2228 niceum
797 2197 917 2239 (Gryn.
947 2208 1043 2237 quem
1071 2197 1211 2228 Niceum
1237 2196 1376 2238 vocant)
1426 2197 1465 2234 9,
1498 2201 1509 2227 l

104 2261 250 2286 arratum
277 2255 387 2286 Hertz.
426 2261 499 2297 post
528 2254 721 2286 Kramerum
746 2254 793 2286 acl
818 2254 926 2286 Strab.
965 2254 1048 2292 VII,
1093 2254 1166 2285 325
1205 2260 1234 2285 ec
1269 2253 1350 2285 alios
1392 2255 1512 2295 (Gryn.

103 2313 336 2353 Arachthum)
387 2317 405 2344 2
428 2314 538 2344 itineri
586 2316 605 2343 3
632 2313 714 2344 Ante
746 2314 866 2344 mansit
892 2312 1078 2344 Perizonius
1105 2313 1191 2342 dicm
1224 2311 1273 2342 vel
1296 2312 1435 2343 biduum
1460 2323 1512 2342 ex-

103 2369 215 2401 cidisse
241 2370 419 2411 suspz'cacus
444 2377 496 2401 est.
555 2375 575 2401 4
609 2371 692 2401 itero
719 2371 854 2401 obuium
881 2371 1089 2401 arcidamum
1151 2373 1167 2399 5
1203 2379 1302 2410 quem
1330 2375 1512 2400 aestratus-

105 2427 323 2470 &tradebatur
392 2439 507 2477 XXII,
534 2439 565 2477 1,
596 2443 608 2470 l
637 2439 912 2479 agricoliScastra
938 2439 1009 2480 My.
1047 2437 1166 2480 (Gryn.
1193 2438 1267 2477 agri
1292 2437 1415 2477 AEtoli)
1478 2438 1512 2474 2,

109 2499 121 2526 1
143 2495 240 2537 Gryn.
269 2496 460 2527 Acheloum
483 2497 489 2535 Ι
511 2497 629 2527 castris
656 2506 732 2527 cum
783 2502 801 2527 2
829 2497 985 2527 omnibus
1008 2496 1127 2536 positis
1165 2499 1183 2526 3
1199 2493 1460 2535 uenturaslipse
1491 2498 1509 2525 5

100 2553 227 2593 legatio
266 2553 299 2594 3,
317 2557 330 2584 1
349 2554 689 2597 arcidamiauctorijte
704 2554 875 2595 conpulsis
911 2558 929 2584 2
945 2554 1113 2584 arcidamo
1149 2556 1168 2583 4
1190 2553 1230 2584 ad
1258 2552 1430 2584 ambracia
1476 2551 1512 2589 4,

103 2626 122 2653 2
150 2622 312 2652 dinachus
339 2610 419 2662 ,ᾗίῖκ
447 2623 595 2661 equitum
635 2626 654 2653 2
682 2629 745 2655 .a[=.
785 2626 852 2653 3et
866 2622 1034 2663 equitibus
1049 2628 1084 2653 t
1112 2622 1193 2652 sat⁵s
1242 2621 1273 2658 5‚
1303 2625 1316 2652 1
1343 2621 1516 2652 consulta-

1189 2669 1209 2679 s

100 2691 160 2722 bat
208 2694 227 2721 3
255 2681 390 2721 ‹ianimo
451 2690 482 2728 6,
513 2695 525 2721 l
555 2678 724 2731 puopilius
771 2694 791 2722 3
819 2701 879 2722 suu
929 2689 960 2728 7,
992 2694 1004 2721 l
1033 2691 1206 2721 dinaei-um
