1742 2902
227 1710 248 1742 9

205 1921 248 1953 Η)

333 130 382 166 92
678 127 782 157 Liber
806 125 916 156 XLII.
967 126 1029 165 (A.
1058 135 1089 156 u.
1119 134 1146 156 e.
1177 126 1270 166 583.)

388 250 464 285 Per
493 249 564 284 hos
594 247 693 284 forte
723 248 803 284 dies
834 249 878 287 P.
910 247 1078 284 Licinius
1108 248 1261 292 consul,
1298 247 1397 283 votis
1426 246 1464 282 in
1495 244 1701 294 Capitolio

275 317 521 365 nuncupatis,
556 316 762 364 paludatus
793 318 841 354 ab
873 319 965 355 urbe
994 318 1188 367 profectus
1219 324 1286 356 est.
1345 317 1506 364 Semper
1536 316 1689 363 quidem

277 400 322 423 ea
359 398 419 422 res
452 398 535 421 cum
576 398 716 435 magna
754 388 938 436 dignitate
978 401 1022 425 ac
1063 388 1262 424 maiestate
1302 386 1464 434 geritur3
1500 385 1689 433 praecipue

277 464 391 492 tamen
423 457 609 492 convertit
637 457 769 493 oculos
792 458 1029 505 animosque,
1054 470 1138 494 cum
1162 457 1210 492 ad
1241 468 1420 504 magnum
1448 455 1705 502 nobilemque*

276 534 341 562 aut
366 525 507 561 virtute
539 532 603 560 aut
635 525 789 562 fortuna
820 528 967 563 hostem
1004 534 1153 563 euntem
1194 525 1387 562 consulem
1428 531 1688 572 prosecuntur.

277 594 479 632 contr-altit
523 595 621 630 enim
664 607 739 630 non
781 594 897 632 officii
945 596 1059 631 modo
1103 607 1215 639 cura,
1254 594 1318 630 sed
1367 593 1480 629 etiam
1524 593 1689 630 studium

276 665 501 714 spectaculi,
540 672 579 700 ut
609 665 764 700 videant
799 665 932 701 ducem
964 676 1093 708 suum,
1131 665 1236 700 cuius
1266 663 1426 712 imperio
1457 663 1692 711 consilioque

277 747 465 771 summam
511 745 590 770 rem
633 733 823 780 publicam
857 734 1036 769 tuendam
1068 734 1333 781 permiserunt.
1403 733 1515 770 Subit
1556 733 1692 769 deinde

277 804 458 852 cogitatio
482 803 662 846 animum,
694 802 757 849 qui
781 802 867 838 belli
898 815 1022 847 casus,
1054 815 1168 851 quam
1200 804 1364 839 incertus
1393 804 1556 839 fortunae
1579 815 1691 838 even-

278 881 336 909 tus
375 873 664 919 communisque
699 872 806 907 Mars
844 872 932 908 belli
976 873 1043 916 sit3
1089 873 1252 909 adversa
1296 873 1561 921 secundaque,
1609 883 1693 919 quae

277 944 426 980 inscitia
457 950 493 979 et
520 942 731 978 temeritate
753 942 889 978 ducum
913 942 1039 978 clades
1067 954 1168 990 saepe
1198 942 1414 986 acciderint,
1446 955 1530 990 quae
1561 949 1694 978 contra

277 1015 379 1050 bona
423 1012 627 1061 prudentia
666 1019 701 1047 et
739 1012 859 1047 virtus
903 1012 1082 1050 attulerit.
1149 1012 1272 1058 Quem
1320 1012 1417 1048 scire
1463 1011 1693 1056 mortalium,

278 1083 398 1119 utrius
440 1082 594 1125 mentis,
636 1082 754 1117 utrius
797 1081 959 1118 fortunae
1006 1082 1200 1118 consulem
1244 1082 1291 1117 ad
1333 1082 1472 1118 bellum
1515 1080 1694 1117 mittant?

278 1152 626 1199 triumphantemne
658 1164 746 1187 mox
778 1163 862 1187 cum
898 1152 1065 1187 exercitu
1099 1152 1245 1188 victore
1275 1152 1518 1187 scandentem
1550 1152 1587 1187 in
1619 1149 1694 1188 Ca-

276 1221 450 1269 pitolium
491 1222 539 1257 ad
576 1221 728 1257 eosdem
761 1221 873 1265 deos,
916 1234 937 1257 a
979 1222 1116 1269 quibus
1154 1222 1440 1270 proficiscatur,
1484 1221 1603 1257 visuri
1647 1232 1695 1257 an

278 1291 451 1327 hostibus
483 1303 566 1326 eam
599 1292 791 1339 praebituri
830 1290 997 1326 laetitiam
1030 1291 1132 1327 sint?
1175 1292 1308 1328 Persei
1346 1298 1472 1327 autem
1505 1290 1598 1339 regi,
1629 1289 1696 1325 ad-

280 1373 412 1397 versus
444 1373 554 1408 quem
589 1362 727 1406 ibatur,
758 1362 901 1397 famam
934 1366 971 1396 et
1015 1361 1114 1397 bello
1160 1363 1265 1398 clara
1305 1362 1561 1398 Macedonum
1602 1371 1694 1408 gens

279 1437 315 1467 et
347 1431 547 1478 Philippus
578 1438 708 1479 pater,
744 1431 840 1467 inter
870 1431 990 1467 multa
1019 1444 1204 1480 prospere
1234 1438 1343 1479 gesta
1373 1432 1550 1468 Romano
1582 1429 1721 1465 etiam.

279 1501 501 1537 nobilitatus
532 1500 654 1544 bello,
698 1501 912 1549 praebebat;
958 1507 1035 1537 tum
1073 1502 1193 1550 ipsius
1225 1502 1357 1538 Persei
1386 1513 1617 1548 numquam,
1649 1511 1698 1536 ex

282 1583 356 1618 quo
399 1582 556 1618 regnum
598 1571 826 1618 accepisset,
875 1571 1035 1607 desitum
1082 1571 1168 1608 belli
1209 1571 1474 1620 expectatione
1511 1568 1696 1618 celebrari

281 1653 431 1676 nomen.
501 1639 595 1677 Cum
643 1640 701 1676 his
745 1641 1040 1689 cogitationibus
1091 1641 1260 1685 omnium
1309 1641 1483 1677 ordinum
1524 1639 1696 1675 homines

280 1709 580 1757 proficiscentem
617 1711 809 1746 consulem
852 1711 1042 1759 prosecuti
1082 1718 1179 1746 sunt.
1240 1711 1330 1747 Duo
1369 1711 1590 1747 consulares
1631 1709 1696 1746 tri-

281 1780 369 1816 buni
404 1780 561 1815 militum
593 1792 676 1816 cum
713 1793 757 1816 eo
791 1781 913 1823 missi,
953 1781 994 1817 (ζ’.
1026 1780 1231 1825 Claudius,
1272 1781 1318 1827 Q.
1350 1781 1522 1825 Mucius,
1554 1786 1590 1816 et
1621 1786 1696 1816 tres

280 1850 456 1885 inlustres
488 1850 655 1893 iuvenes5
688 1850 733 1887 P,
758 1850 942 1886 Lentulus
973 1858 1008 1887 et
1040 1852 1115 1887 duo
1145 1851 1280 1887 Manlii
1310 1851 1485 1895 Acidini3
1515 1850 1612 1886 alter
1642 1849 1695 1886 M.

281 1920 413 1958 Manli.
445 1920 542 1955 alter
574 1920 616 1954 L.
648 1919 769 1954 Manli
811 1920 909 1956 filius
940 1927 1034 1956 erat..
1097 1920 1192 1958 Cum
1224 1922 1268 1957 iis
1299 1921 1431 1957 consul
1453 1920 1696 1957 Brundisium

282 1990 329 2025 ad
352 1989 559 2025 exercitum
583 1991 603 2010 ³*
627 1989 752 2036 adque
774 1989 860 2025 inde
881 2002 965 2026 cum
989 1991 1164 2027 omnibus
1196 1991 1315 2040 copiis
1347 1997 1606 2035 transvectus,
1648 1988 1696 2026 ad

281 2059 537 2107 Nymphaeum
569 2059 606 2094 in
640 2059 881 2107 Apolloniati
913 2072 1006 2108 agro
1036 2061 1164 2109 posuit
1194 2069 1333 2098 castra.

282 2230 409 2261 XLIX.
429 2231 460 2267 ⁶2,
482 2235 499 2260 2
528 2230 686 2269 qumi-itui·
708 2232 712 2268 ξ
735 2230 912 2270 praecipuae
940 2231 1106 2260 conuertit
1124 2229 1189 2261 Ed.
1219 2230 1326 2272 Layd.
1346 2230 1440 2262 1553
1455 2230 1580 2270 (Potest
1604 2230 1695 2261 etiam

272 2287 398 2329 sitisse:
427 2289 482 2317 scd
499 2287 681 2328 praecipue)
723 2291 740 2316 4
758 2297 866 2318 conss⁸
913 2287 945 2323 3,
967 2291 976 2317 l
999 2287 1086 2317 offici
1111 2286 1116 2329 Ι
1139 2297 1252 2319 curam
1293 2288 1325 2324 4,
1341 2292 1359 2319 2
1384 2289 1486 2319 animi
1507 2286 1695 2328 (animos2)

283 2344 315 2382 5,
349 2349 358 2375 l
390 2346 532 2375 aduersa
560 2345 707 2376 set-unda
734 2354 874 2385 qumque
901 2345 1035 2374 inscitia
1065 2344 1135 2385 My.
1199 2350 1217 2375 2
1246 2345 1351 2377 cludis
1417 2345 1456 2382 6,
1483 2349 1502 2375 3
1534 2346 1696 2376 uictorem

283 2408 425 2433 stantem
454 2402 485 2431 in
513 2402 708 2442 capitolium
735 2403 855 2442 (Gr-yn.
883 2402 1099 2433 scandentem
1131 2401 1258 2443 Capit.)
1330 2402 1360 2439 7,
1392 2407 1404 2433 l
1450 2402 1549 2444 Gryn.
1577 2399 1695 2443 Persi!

284 2460 371 2499 regis
421 2463 438 2489 2
467 2458 556 2488 sama
579 2460 582 2495 Ι
607 2460 732 2489 claram
806 2459 839 2496 8,
871 2463 881 2489 l
913 2459 1157 2498 cogitationum
1231 2460 1263 2497 9,
1291 2464 1310 2490 3
1337 2461 1440 2491 manli
1467 2460 1543 2490 acili
1570 2458 1693 2499 (Drak.

283 2517 350 2547 duo
378 2516 415 2547 L.
445 2516 580 2553 Manlii3
615 2527 684 2546 mom
710 2517 758 2547 M.
785 2527 961 2557 praenomen
987 2522 1165 2557 corruptum
1191 2516 1345 2557 videtur.)
1409 2521 1428 2547 4
1454 2517 1476 2548 l.
1504 2526 1581 2547 man
1607 2515 1696 2548 filius

283 2573 338 2610 10,
369 2577 379 2604 l
412 2583 486 2603 cum
514 2573 541 2603 is
617 2578 633 2602 Ξ.)
664 2573 741 2603 Post
772 2575 955 2605 exercitum
989 2573 1106 2605 excidit
1137 2575 1308 2615 profectus
1343 2581 1399 2606 aut
1419 2573 1566 2614 (Drak.)
1592 2573 1692 2605 venit.
1739 2575 1742 2579 “

284 2634 303 2661 3
330 2631 535 2671 nympheum
563 2631 595 2660 in
621 2630 813 2670 appolonio.
848 2641 889 2661 m.
926 2641 1009 2671 agro
1042 2630 1189 2674 (Kreyss.
1225 2633 1259 2663 in
1291 2631 1562 2673 Apolloniatium
1599 2628 1694 2672 agro)
1740 2651 1742 2658 ·
