1796 2929
485 141 587 173 Liber
613 140 740 172 XLIV.
792 141 855 181 (A.
884 140 962 172 Chr.
996 141 1090 181 168.)
1365 144 1437 178 173

85 264 246 311 collega,
276 264 335 299 vir
365 264 551 311 egregius,
582 275 688 311 aeque
705 263 815 300 enixe
846 265 1010 311 parabit,
1041 275 1086 300 ac
1116 263 1146 299 si
1179 264 1259 311 ipse
1288 262 1326 298 id
1358 262 1494 298 bellurn

85 341 259 381 gesturus
294 339 404 369 esset.
471 333 573 375 Vos,
619 345 702 380 quae
743 334 932 381 scripsero
973 333 1120 368 senatui
1156 340 1221 368 aut
1255 333 1377 376 vobis,
1420 334 1442 354 ἕ
1473 333 1493 354 *

85 414 258 439 rumores
289 402 513 438 credulitate
543 410 673 438 vestra
703 401 828 445 alatis,
861 414 1020 449 quorum
1044 410 1177 438 auctor
1194 414 1305 437 nemo
1337 400 1494 438 extabit.

85 472 187 508 Nam
219 483 318 507 nunc
359 471 531 518 quidem,
582 470 684 518 quod
724 470 840 518 vulgo
881 471 983 515 fieri,
1034 472 1106 507 boc
1149 471 1339 520 praecipuc
1384 469 1496 515 bello,

85 539 359 585 animadverti,
408 552 519 576 nemo
551 546 627 575 tam
659 539 772 576 famae
803 547 1043 587 contemptor
1075 546 1143 582 est,
1188 541 1293 576 cuius
1324 553 1398 576 non
1433 541 1495 576 de·

85 609 225 646 bilitari
257 610 404 646 animus
435 609 567 657 possit.
634 610 678 645 In
713 610 888 646 omnibus
929 609 1078 645 circulis
1118 609 1244 656 adque
1284 610 1420 653 etiam,
1466 609 1497 645 si

86 679 143 715 dis
175 679 311 727 placet,
343 680 378 715 in
410 679 596 715 conviviis
627 686 726 724 sunt,
759 680 821 728 qui
853 679 1042 715 exereitus
1073 679 1109 715 in
1128 679 1396 715 Macedoniam
1430 679 1496 715 du-

85 756 190 792 cant;
225 749 291 785 ubi
321 756 445 785 castra
478 749 642 785 locanda
671 749 768 792 sint,
808 749 954 793 sciant,
986 761 1069 796 quae
1099 749 1185 785 loca
1215 749 1400 797 praesidiis
1433 761 1496 785 oc-

85 818 275 866 cupanda..
307 818 462 865 quando
494 825 559 854 aut
583 831 657 866 quo
675 818 772 854 saltu
798 819 976 855 intranda
994 818 1236 863 Macedonia,
1267 819 1331 855 ubi
1359 819 1497 854 horrea

85 888 278 936 ponenda,
324 900 400 935 qua
431 894 553 932 terra,
599 888 694 923 mari
727 888 990 924 subvehantur
1037 896 1294 931 commeatus.
1344 888 1497 936 quando

85 969 168 993 cum
215 958 324 994 hoste
366 969 501 993 manus
544 957 810 1001 conserendae.
857 957 1011 1004 quando
1058 958 1208 1005 quiesse
1258 958 1306 994 sit
1350 958 1496 993 melius.

85 1027 180 1070 Nee,
212 1027 301 1075 quid
332 1025 548 1063 faciendum
582 1027 641 1071 sit.
673 1027 786 1063 modo
817 1033 1007 1071 statuunt,
1038 1027 1127 1071 sed.
1162 1027 1345 1074 quidquid
1377 1027 1498 1071 aliter,

85 1108 200 1144 quam
232 1096 303 1144 ipsi
334 1108 526 1141 censuere.
556 1095 699 1132 factum
732 1103 810 1140 est,
845 1096 1038 1132 consulem
1071 1096 1187 1132 veluti
1217 1096 1318 1132 dieta
1347 1097 1406 1132 die
1437 1109 1498 1132 ac-

85 1173 233 1203 cusant.
284 1167 378 1202 Haee
409 1177 550 1214 magna
586 1166 860 1214 impedimenta
890 1177 950 1202 res
971 1167 1189 1213 gerentibus
1210 1172 1303 1202 sunt.
1361 1167 1499 1213 Neque

86 1236 185 1272 enim
218 1248 348 1271 omncs
378 1242 455 1271 tam
489 1236 585 1271 firmi
626 1242 663 1271 et
700 1236 908 1272 constantis
954 1236 1070 1271 animi
1118 1244 1251 1272 contra
1296 1236 1498 1272 adversum

85 1317 275 1341 rumorem
308 1317 391 1341 esse
428 1311 606 1353 possunt.
652 1318 761 1352 quam
792 1305 838 1351 Q.
871 1306 1016 1341 Fabius
1046 1305 1138 1349 fuit,
1184 1306 1247 1353 qui
1281 1317 1389 1342 suum
1429 1307 1498 1341 im—

85 1375 231 1423 perium
276 1375 395 1410 minui
438 1387 507 1423 per
545 1375 753 1410 vanitatem
794 1375 924 1423 populi
967 1375 1122 1419 maluit,
1173 1387 1286 1422 quam
1333 1375 1500 1412 secunda

88 1443 194 1481 fama
225 1445 323 1481 male
353 1457 432 1480 rem
462 1445 653 1493 publicam
685 1456 829 1492 gerere.
894 1445 985 1481 Non
1016 1456 1098 1480 sum
1130 1445 1181 1488 iS,
1221 1446 1283 1492 qui
1314 1458 1388 1481 non
1421 1445 1498 1481 exi-

87 1520 248 1550 stumem
272 1514 534 1550 admonendos
561 1514 676 1550 duces
708 1526 810 1557 esse3
842 1514 958 1550 immo
990 1526 1088 1558 eum,
1120 1514 1182 1561 qui
1215 1513 1261 1549 de
1289 1525 1359 1549 sua
1390 1513 1499 1548 unius

87 1585 275 1620 sententia
304 1584 429 1620 omnia
468 1590 598 1632 gerat,
643 1584 848 1631 superbum
881 1583 1006 1619 iudico
1039 1583 1160 1631 magis
1201 1595 1316 1630 quam
1348 1583 1498 1630 sapien-

88 1659 175 1691 tem.
240 1653 340 1699 Quid
371 1665 461 1701 ergo
494 1652 577 1689 est?
637 1653 810 1689 Primum
853 1665 875 1688 a
905 1653 1154 1700 prudentibus
1195 1659 1233 1689 et·
1262 1653 1417 1701 proprie
1446 1651 1500 1688 rei

87 1722 260 1758 militaris
290 1723 422 1771 peritis
453 1729 490 1759 et
519 1736 590 1759 usu
612 1722 733 1758 doctis
752 1722 929 1758 monendi
945 1723 1197 1771 imperatores
1228 1730 1332 1767 sunt3
1364 1722 1500 1758 deinde

86 1793 135 1829 ab
165 1793 223 1837 iis,
255 1793 320 1841 qui
349 1793 536 1830 intersunt
568 1792 744 1841 gerendis
779 1792 896 1836 rebus,
927 1794 992 1840 qui
1017 1793 1116 1837 loca,
1148 1792 1213 1840 qui
1242 1794 1403 1836 hostem,
1436 1791 1499 1840 qui

86 1868 301 1910 temporum
333 1863 659 1911 opportunitatem
689 1861 838 1907 vident,
883 1863 946 1909 qui
976 1863 1014 1898 in
1045 1863 1177 1899 eodem
1209 1862 1312 1897 velut
1343 1861 1499 1908 navigio

87 2057 106 2084 3
133 2055 300 2095 aegregius
322 2053 328 2095 1
351 2054 458 2085 enixae
519 2054 550 2091 6,
582 2058 595 2085 1
628 2054 725 2085 uobis
759 2062 872 2084 mores
899 2053 1106 2084 crudelitatis
1131 2059 1254 2085 uestrae
1279 2053 1401 2084 adlatis
1428 2052 1501 2094 My.

87 2110 158 2142 Em.
187 2111 258 2143 571
284 2123 313 2144 n.
365 2111 475 2143 Plence
513 2111 667 2142 orationis
700 2111 766 2142 Izoec
781 2112 856 2152 sere
871 2112 987 2152 forma
1001 2111 1088 2151 suit:
1126 2111 1233 2147 vobis,
1261 2120 1299 2141 ea
1324 2120 1403 2141 vera
1428 2119 1501 2141 esse

88 2169 231 2200 credatis
256 2178 360 2209 rogo,
395 2179 477 2200 neve
502 2177 655 2200 rumores
681 2175 735 2200 cet.
765 2167 887 2210 (Gr-yn.
916 2169 1009 2200 vobis
1036 2168 1174 2206 credite,
1202 2177 1354 2199 rumores
1381 2168 1500 2198 crude-

86 2236 182 2269 litate
204 2243 317 2269 vestra
342 2247 383 2269 ne
413 2238 530 2275 alatis)
592 2237 631 2275 7,
663 2241 681 2269 2
709 2228 886 2270 cuiuscuiu
919 2247 987 2268 non
1021 2237 1153 2268 delitari
1229 2236 1267 2275 8,
1295 2240 1312 2267 2
1340 2237 1374 2267 in
1400 2237 1500 2268 conui

87 2300 164 2326 sunt
185 2294 190 2334 1
212 2295 246 2326 in
271 2305 400 2327 macem
427 2296 550 2327 ducent
576 2295 638 2333 (N.
658 2296 862 2335 inducant?)
904 2294 1173 2326 3locandassint
1222 2296 1239 2324 5
1269 2294 1502 2325 subuehentur

88 2354 107 2382 6
134 2352 282 2393 quiesset
307 2353 350 2384 sit
374 2363 417 2384 ne
444 2354 523 2393 quid
551 2353 671 2384 melius
697 2352 888 2384 faciendum
918 2351 1049 2394 Kreyss.
1079 2350 1201 2394 (Gryn.
1233 2352 1370 2392 quando
1407 2352 1500 2391 quie-

88 2410 248 2440 scendum
274 2410 328 2442 sit.
385 2410 457 2442 Nec
494 2411 574 2451 quid
609 2411 727 2442 melius
762 2410 975 2450 faciendum)
1045 2409 1111 2447 10,
1150 2413 1162 2440 l
1200 2409 1393 2448 gerentibus
1427 2418 1501 2449 quae

89 2475 196 2507 neque
244 2471 310 2498 2et
335 2469 499 2499 contactis
525 2469 628 2499 animi
679 2471 698 2498 3
721 2474 859 2509 possent
884 2478 915 2508 q.
943 2466 1054 2498 fabius
1081 2466 1152 2508 My.
1179 2465 1252 2497 Em.
1281 2465 1351 2497 571
1377 2465 1498 2508 (Gryn.

89 2533 189 2565 quam
214 2524 358 2567 Fabius)
409 2529 426 2556 5
459 2525 557 2568 Gryn.
582 2535 650 2557 rem
678 2535 794 2566 gerere
853 2525 908 2561 11,
940 2528 953 2555 l
982 2525 1080 2564 isque
1103 2524 1159 2564 qui
1212 2527 1231 2555 3
1259 2524 1383 2555 iudicio
1445 2523 1501 2561 12,

91 2584 103 2612 1
132 2583 275 2623 propriae
315 2586 334 2613 2
359 2583 469 2615 ductis
516 2587 535 2614 3
559 2584 610 2615 his
625 2582 757 2625 Kreyss.
776 2581 950 2623 {gerendis
975 2582 1053 2614 loco
1080 2582 1136 2623 qui
1163 2580 1274 2623 Siyon.
1328 2585 1347 2611 4
1374 2590 1497 2621 oppon·-

89 2639 404 2693 tunitatemcluident

1537 1163 1581 1198 10

1535 1443 1575 1477 11

1537 1650 1584 1685 12
