1753 2934
523 142 625 172 Liber
650 141 758 172 XLV.
799 143 860 175 (A.
881 138 960 170 Chr.
990 139 1083 179 167.)
1366 139 1443 175 245

87 264 347 312 spectaculum
383 264 514 312 Euripi
546 264 801 311 Euboeaeque,
842 270 956 299 tantae
991 262 1121 299 insulae
1150 267 1266 310 ponte
1295 259 1501 295 continenti

87 332 246 378 iunctae„
267 334 475 373 descendit.
541 336 578 370 A
611 333 794 370 Chalcide
823 332 1002 369 Aulidem
1035 332 1182 375 traicit,
1213 331 1324 366 trium
1356 329 1500 364 milium

86 403 212 450 spatio
244 403 446 438 distantem
476 410 640 450 portum,
671 402 850 450 inclytum
883 401 1047 436 statione
1077 400 1270 448 quondam
1303 398 1403 435 mille
1433 410 1500 434 na-

85 473 187 508 vium
237 472 556 520 Agamemnoniae
607 472 738 507 classis
775 471 989 518 Dianaeque
1028 470 1190 518 templo,
1239 469 1302 504 ubi
1339 468 1501 504 navibus

87 554 237 579 cursum
272 542 320 577 ad
352 542 535 585 Troiam,
567 542 645 577 filia
677 541 833 577 victima
863 541 939 576 aris
971 540 1146 583 admota,
1178 552 1245 575 rex
1276 538 1337 573 ille
1367 549 1499 584 regum

85 613 303 660 impetravit.
363 611 454 647 Inde
474 611 635 659 Oropum
652 610 791 647 Atticae
821 618 975 645 ventum
999 617 1066 653 est,
1098 609 1161 644 ubi
1192 620 1261 656 pro
1293 607 1363 642 deo
1390 613 1500 641 vates

85 682 232 717 anticus
281 681 418 717 colitur
470 680 730 728 templumque
769 687 958 716 vetustum
1000 687 1079 722 est,
1126 678 1295 714 fontibus
1333 677 1502 723 rivisque

86 752 187 788 circa
218 763 434 795 amoenum;
477 751 653 786 Athenas
685 750 794 787 inde.
838 749 970 797 plenas
1003 749 1154 796 quidem
1188 755 1223 784 et
1255 748 1357 795 ipsas
1391 754 1498 781 vetu-

84 828 183 857 state
213 820 348 864 famae,
397 819 517 855 multa
548 827 676 855 tamen
709 819 867 855 visenda
899 820 1104 861 habentes,
1155 830 1279 854 arcem
1299 844 1308 861 ‚
1353 822 1498 864 portus,

83 902 212 926 muros
246 891 434 926 Piraeeum
467 890 551 925 urbi
582 890 793 936 iungentes„
827 889 994 930 navalia,
1024 894 1247 924 monwnenw
1270 897 1497 933 magnorum

83 961 380 1009 imperatorum,
429 960 635 996 simulacra
668 960 825 995 deorum
858 959 1133 1005 hominumque
1163 957 1265 993 omni
1296 968 1436 1004 genere
1463 961 1498 991 et

83 1031 252 1067 materiae
283 1037 319 1066 et
350 1030 486 1066 artium
518 1029 694 1077 insignia.

194 1099 391 1137 Sacrificio
424 1099 608 1135 Minervae
638 1099 789 1147 praesidi
829 1099 926 1134 arcis
964 1098 1001 1134 in
1032 1098 1126 1134 urbe
1155 1096 1259 1133 facto
1290 1093 1498 1142 profectus,

83 1168 308 1206 Corinthum
343 1169 463 1205 altero
495 1169 554 1204 die
584 1169 767 1217 pervenit.
826 1169 930 1207 Urbs
952 1175 1034 1204 erat
1064 1175 1153 1204 tunc
1183 1165 1380 1215 praeclara,
1413 1170 1500 1199 ante

82 1239 294 1282 excidium3
326 1251 397 1274 arx
428 1251 582 1286 quoque
613 1246 649 1274 et
679 1239 847 1275 Isthmus
877 1240 1075 1286 praebuere
1103 1235 1384 1285 spectaculum,
1429 1246 1500 1268 arx

81 1308 179 1344 inter
203 1309 320 1356 plana
352 1309 481 1345 omnia
507 1309 543 1344 in
575 1309 780 1344 immanem
814 1308 1051 1344 altitudinem
1083 1307 1197 1349 edita,
1232 1311 1382 1341 scatens
1413 1302 1498 1339 fon-

81 1378 196 1422 tibus,
244 1378 414 1414 Isthmus
460 1379 534 1415 duo
568 1379 710 1423 maria,
754 1379 801 1414 ab
845 1390 983 1414 occasu
1022 1384 1057 1413 et
1088 1384 1173 1412 ortu
1204 1375 1295 1411 solis
1324 1373 1497 1417 finitima,

83 1448 175 1484 artis
205 1447 381 1484 faucibus
412 1448 604 1483 dirimens.
673 1447 877 1496 Sicyonem
909 1447 995 1483 inde
1028 1454 1062 1483 et
1081 1448 1224 1494 Argos,
1256 1445 1403 1481 nobiles
1434 1456 1496 1479 ur-

80 1517 170 1563 bes,
202 1518 302 1562 adit3
344 1517 432 1553 inde
460 1518 553 1553 haut
581 1531 712 1566 parem
745 1518 882 1566 opibus
912 1517 1175 1565 Epidaurum,
1220 1516 1286 1551 sed
1316 1514 1498 1562 inclytam

81 1589 286 1636 AEsculapi
318 1588 437 1624 nobili
471 1588 636 1636 templo,
685 1589 800 1636 quod,
852 1587 1020 1635 quinque
1051 1586 1203 1622 milibus
1233 1596 1414 1633 passuum
1450 1583 1498 1619 ab

83 1659 177 1694 urbe
208 1658 377 1702 distans,
422 1670 521 1693 nunc
553 1658 725 1706 vestigiis
755 1657 993 1693 revolsorum
1027 1656 1228 1700 donorum,
1278 1662 1356 1690 tum
1388 1654 1498 1689 donis

82 1728 188 1764 dives
219 1735 313 1772 erat,
346 1740 431 1775 quae
460 1728 715 1764 remediorum
747 1727 972 1763 salutarium
1002 1726 1094 1774 aegri
1125 1725 1336 1762 mercedem
1368 1736 1498 1760 sacra-

85 1804 221 1833 verant
251 1797 336 1833 deo.
415 1797 511 1833 Inde
541 1797 859 1833 Lacedaemonem
892 1797 990 1841 adit,
1034 1809 1112 1832 non
1152 1808 1309 1844 operum
1350 1794 1496 1842 magni-

82 2013 99 2040 5
129 2010 234 2050 euripi
260 2019 401 2049 aeuoque
427 2014 505 2039 ante
531 2009 651 2039 insulae
678 2008 874 2040 Florebellus
899 2009 1145 2050 (Euboeaeque)
1172 2014 1201 2039 et
1223 2007 1333 2040 Πέἰεε.
1361 2007 1496 2047 (tantae)

87 2066 90 2107 ᾖ
117 2074 221 2108 ponte
256 2067 472 2098 conuenienti
499 2067 627 2097 iuristae
654 2067 868 2098 descenditur
927 2066 958 2105 9,
989 2071 1000 2098 1
1031 2077 1049 2097 a
1077 2066 1227 2097 calchide
1260 2066 1496 2096 aulidemerat-

83 2126 193 2155 traicit.
231 2125 235 2163 Ι
265 2124 408 2155 millium
471 2127 489 2155 2
518 2125 696 2155 stationem
758 2128 777 2155 3
804 2125 1086 2164 agamemnioniae
1120 2124 1126 2164 l
1158 2124 1323 2165 templum
1363 2122 1494 2164 Kreyss.

83 2198 102 2224 4
117 2193 219 2224 filiam
241 2194 427 2224 uictimaris
441 2192 614 2233 admon{ta
663 2198 683 2223 4
698 2193 793 2230 1410,
814 2197 825 2223 l
849 2203 961 2233 regem
983 2194 1092 2224 atticae
1110 2200 1249 2223 uentum
1278 2192 1332 2228 (In
1345 2192 1495 2234 supplem.

82 2251 277 2291 impetravit
296 2251 468 2292 posuimus.
525 2250 624 2292 Gryn.
650 2252 761 2292 petiit)
785 2251 789 2288 Ι
812 2258 906 2282 uates
924 2251 1072 2281 anticum
1101 2249 1233 2292 Kreyss.
1262 2249 1382 2291 (Gryn.
1402 2256 1497 2281 vates

82 2309 349 2349 Amphilochus)
398 2308 459 2345 11,
490 2312 503 2339 1
533 2314 565 2338 et
590 2309 660 2349 ipse
710 2313 728 2339 2
755 2309 910 2339 habentis
960 2312 979 2339 3
1004 2309 1159 2349 phil-cum
1185 2308 1301 2339 urbem
1327 2309 1497 2348 iungentis

83 2365 200 2408 (Gryn.
230 2366 383 2403 Pii-eum)
406 2367 410 2405 Ι
433 2366 570 2396 naualia
599 2376 800 2406 magnorum
831 2365 920 2397 Crev.
970 2365 1138 2399 XXVIII,
1166 2366 1196 2398 1.
1227 2369 1239 2396 l
1270 2366 1427 2406 praesidio
1477 2369 1496 2396 2

83 2424 283 2464 corynthum
338 2423 371 2462 2,
399 2428 417 2454 2
445 2434 530 2464 aryx
557 2433 692 2464 quoque
719 2429 750 2454 et
777 2424 929 2454 sthamus
961 2424 963 2463 i
992 2433 1075 2464 aryx
1130 2427 1149 2454 3
1176 2423 1262 2454 inter
1287 2424 1401 2454 omnia
1424 2423 1496 2465 My.

83 2481 156 2512 Em.
182 2480 256 2512 607
279 2481 284 2521 Ι
307 2482 398 2512 edita
422 2482 455 2512 in
486 2487 671 2512 scatensem
699 2481 842 2513 fortibus
867 2481 1019 2512 sthamus
1066 2480 1098 2518 3,
1129 2484 1140 2511 1
1172 2481 1279 2512 maria
1304 2491 1426 2512 occasu
1479 2485 1497 2511 2

84 2547 243 2579 scyonem
294 2542 313 2567 3
339 2539 504 2579 inclytum
531 2539 730 2580 epidaurum
758 2540 816 2571 sed
843 2539 1004 2570 inclutum
1024 2538 1184 2579 aesculapi
1202 2539 1346 2570 nobilita
1372 2539 1498 2580 templo

19 2621 30 2627 ,
84 2599 102 2626 5
128 2601 198 2627 tum
225 2597 363 2627 domum
391 2597 485 2628 diues
532 2595 566 2634 4,
598 2600 610 2628 l
641 2596 896 2627 lacedemonem
922 2597 1001 2627 adid

1535 606 1581 640 10

1536 745 1575 779 11

1557 1082 1610 1126 28
