1753 2934
463 136 563 167 Liber
588 135 696 167 XLV.
765 138 825 173 (Α.
854 136 930 167 (Ίπ.
963 136 1055 176 167.)
1326 137 1402 172 233

65 260 125 296 Ita
155 258 333 295 destituta
355 272 484 296 eorum
506 272 586 309 spe,
617 261 694 309 qui,
723 259 840 296 fratre
861 265 1053 302 accusato,
1083 257 1324 307 partitionem
1355 257 1459 305 regni

65 328 267 376 petiturum
298 329 557 374 crediderant,
600 330 706 366 curia
747 329 919 365 excessit.
990 330 1093 365 Raro
1135 327 1230 363 alias
1261 326 1459 374 quisquam

64 411 132 435 rex
171 405 236 435 aut
273 399 445 447 privatus
487 406 593 435 tanto
634 399 769 436 favore
801 406 984 446 tantoque
1016 397 1181 433 omnium
1213 396 1374 432 adsensu
1405 403 1461 432 est

65 468 232 512 auditus;
273 469 447 505 omnibus
477 469 684 506 honoribus
714 468 1009 515 muneribusque
1039 475 1073 503 et
1104 478 1268 516 praescns
1299 473 1353 502 est
1384 466 1461 502 cul-

64 545 123 574 tus
154 543 190 573 et
219 538 516 584 proficiscentem
547 539 737 587 prosecuti
767 547 863 574 sunt.
920 538 1025 574 Inter
1050 537 1188 573 multas
1218 536 1323 572 Asiae
1353 535 1461 572 Grae-

64 607 206 655 ciaeque
235 608 443 656 legationes
473 609 709 646 Rhodiorum
741 608 906 644 maxime
937 607 1051 656 legati
1083 607 1272 643 civitatem
1305 617 1462 641 conver·

63 685 199 714 terunt.
259 678 361 714 Nam
393 691 476 715 cum
508 679 630 727 primo
664 679 701 714 in
731 685 836 714 reste
874 677 1037 714 candida
1069 677 1139 712 visi
1179 682 1323 719 essent,
1361 675 1462 723 quod

64 756 100 784 et
127 748 363 796 gratulantes
391 749 570 793 decebat,
600 755 655 791 et,
684 749 716 784 si
746 747 939 784 sordidam
970 752 1113 783 vestem
1143 745 1376 786 habuissent,
1406 744 1462 780 lu-

63 817 228 866 gentium
263 818 395 854 Persei
439 830 567 855 casum
612 819 780 867 praebere
818 818 981 866 speciem
1019 822 1214 865 poterant,
1258 822 1461 863 postquam

64 886 223 923 consulti
255 888 303 924 ab
335 889 388 925 M.
421 889 531 925 Iunio
563 888 716 926 consule
746 896 898 936 patres,
942 887 1129 923 stantibus
1158 886 1196 921 in
1229 885 1381 922 comitio
1410 885 1463 920 le-

62 957 186 1004 gatis,
217 969 265 993 an
295 957 440 997 locum„
471 959 610 1007 lautia,
640 964 891 1005 senatumque
919 957 1073 1000 darent,
1103 955 1245 991 nullum
1277 955 1466 1003 hospitale

63 1026 121 1062 ius
149 1026 187 1062 in
219 1026 264 1063 iis
293 1029 521 1064 servandum
554 1034 791 1068 censuerunt,
823 1039 996 1076 egressus
1021 1039 1040 1062 e
1071 1026 1176 1062 curia
1205 1026 1350 1069 consul,
1380 1037 1463 1062 cum

62 1095 214 1132 Rhodii.
251 1097 484 1145 gratulatum
525 1110 565 1134 se
604 1099 652 1134 de
691 1098 853 1135 victoria
890 1103 1172 1145 purgatumque
1201 1095 1364 1131 civitatis
1395 1095 1464 1132 cri-

63 1165 164 1201 mina
195 1166 361 1203 dicentes
389 1168 555 1211 venisse,
586 1169 786 1215 petissent.
819 1174 859 1203 ut
889 1173 1042 1202 senatus
1076 1166 1147 1202 sibi
1178 1166 1344 1210 daretur,
1374 1178 1464 1214 pro-

62 1235 228 1281 nuntiat,
271 1237 383 1273 sociis
437 1245 473 1274 et
516 1238 646 1275 amicis
690 1244 727 1274 et
762 1237 838 1274 alia
876 1237 1034 1274 comiter
1073 1236 1197 1284 adque
1227 1235 1466 1284 hospitaliter

61 1311 242 1353 praestare
274 1307 470 1343 Romanos
506 1313 542 1344 et
581 1316 753 1345 senatum
796 1307 888 1343 dare
919 1318 1142 1349 consuesse;
1185 1306 1359 1343 Rhodios
1389 1317 1465 1341 non

61 1375 116 1411 ita
145 1376 298 1412 meritos
320 1388 364 1412 eo
385 1377 496 1421 bello,
526 1386 566 1414 ut
587 1379 795 1415 amicorum
827 1377 1087 1424 sociorumque
1115 1388 1273 1412 numero
1301 1376 1465 1413 habendi

63 1445 147 1481 sint.
206 1446 278 1482 His
309 1447 464 1483 auditis.
493 1454 782 1496 prostraverunt
811 1459 852 1483 se
881 1459 1012 1483 omnes
1042 1445 1166 1490 humi,
1197 1446 1465 1492 consulemque

63 1522 100 1550 et
129 1523 305 1554 cunctos.
351 1517 415 1564 qui
445 1517 622 1554 aderant.
667 1524 841 1561 orantes,
886 1529 934 1552 ne
970 1527 1072 1551 nova
1102 1514 1278 1562 falsaque
1308 1515 1467 1550 crimina

63 1584 148 1632 plus
186 1586 319 1621 obesse
360 1587 519 1622 Rhodiis
561 1600 678 1624 aecum
729 1594 925 1624 censerent
968 1598 1081 1634 quarn
1121 1584 1278 1631 antiqua
1320 1583 1466 1619 merita.
1519 1591 1521 1593 ’

65 1666 223 1701 quorum
264 1655 335 1703 ipsi
373 1663 486 1692 testes
525 1664 670 1695 essent.
713 1657 924 1705 extemplo.
969 1662 1074 1692 veste
1116 1654 1272 1691 sordida
1301 1660 1464 1701 sumpta„

63 1723 197 1760 domos
225 1725 440 1773 principum
472 1738 555 1762 cum
579 1728 754 1775 precibus
785 1739 829 1764 ac
861 1726 1027 1763 lacrimis
1058 1724 1318 1766 circumibant,
1350 1735 1465 1759 oran-

63 1801 131 1839 tes,
160 1801 202 1830 ut
229 1794 334 1843 prius
364 1807 636 1843 cognoscerent
665 1810 821 1834 causam
854 1810 968 1845 quam
1000 1796 1305 1832 condemnarent.

173 1864 237 1900 Μ’.
270 1865 466 1902 Iuventius
496 1867 649 1904 Thalna
678 1874 838 1917 praetor.
881 1867 986 1903 cuius
1022 1866 1120 1901 inter
1158 1865 1259 1901 cives
1290 1871 1325 1900 et
1356 1876 1467 1911 pere-

63 1923 192 1981 grinos
230 1935 438 1971 iurisdictio
480 1944 581 1981 erat>e
625 1937 808 1986 populum
848 1937 1030 1973 adversus
1060 1935 1232 1972 Rhodios
1269 1934 1465 1978 incitabat,

62 2004 378 2053 rogationemque
415 2007 744 2056 promulgaverat,
786 2014 827 2043 ut
855 2007 1015 2044 Rhodiis
1058 2005 1197 2042 bellum
1238 2004 1466 2040 indiceretur

64 2178 96 2217 3,
124 2183 142 2210 2
167 2181 366 2221 partiturum
393 2180 604 2221 crediderat!
632 2181 757 2212 curiam
785 2179 892 2222 52'9012.
925 2180 1033 2211 tacite.
1067 2178 1138 2221 My.
1176 2177 1244 2209 Vid.
1274 2179 1370 2219 praegs.
1403 2176 1463 2208 vol.

64 2236 113 2275 II,
139 2238 158 2268 1
184 2237 230 2269 ad
256 2237 403 2276 XXIII,
430 2238 514 2276 1,1;
548 2239 605 2280 cfr.
632 2250 730 2280 supra
755 2250 780 2269 c.
810 2238 862 2275 1-3,
890 2238 943 2268 12.
974 2238 980 2275 ξ
1008 2238 1149 2268 excessit
1184 2243 1220 2266 ut
1253 2245 1329 2266 raro
1366 2234 1463 2266 Gron.

65 2307 182 2348 (Gryn.
202 2308 358 2339 excessit.
385 2307 430 2338 L't
448 2308 540 2347 raro)
572 2312 591 2338 4
612 2308 767 2338 omnibus
785 2307 941 2338 oneribus
959 2294 1253 2348 pmuneribnsquae
1272 2292 1304 2336 et
1319 2315 1464 2346 praesens

65 2364 96 2403 5,
124 2369 142 2396 2
169 2366 368 2404 gratulantis
417 2365 447 2398 6.
467 2369 486 2396 3
504 2366 643 2396 lantiam
663 2365 761 2396 Frob.
785 2363 833 2395 II.
884 2369 904 2394 4
929 2365 1029 2396 inisse
1044 2364 1246 2394 seruandum
1262 2362 1407 2404 (Kreyss.
1430 2363 1463 2393 in

65 2422 106 2454 iis
131 2432 203 2454 esse
229 2422 440 2464 servandum)
474 2423 539 2462 7‚2
563 2424 636 2454 rodi
663 2423 877 2463 3pr0nuntia
912 2422 944 2456 8.
965 2427 976 2453 l
1005 2422 1134 2453 amiciis
1164 2425 1183 2452 3
1211 2421 1378 2452 sociorum
1404 2431 1465 2451 nu-

66 2489 157 2511 mero
181 2480 248 2512 Ed.
278 2479 447 2521 Curionis!
469 2481 614 2512 habendi
648 2486 724 2511 sunt
787 2480 818 2515 9,
855 2484 865 2510 l
910 2481 1042 2525 auditiis
1091 2479 1146 2516 10,
1177 2482 1189 2509 t
1221 2478 1467 2520 (Interpunyitur

67 2537 158 2580 vulqo
177 2538 268 2579 plene
293 2545 365 2570 ante
389 2539 587 2579 extemplo.)
636 2542 655 2568 2
682 2548 758 2569 cum
783 2538 946 2579 praecibus
995 2541 1014 2569 3
1041 2538 1344 2569 condemnarentur
1375 2535 1463 2569 Creu.

65 2595 163 2634 XXI,
189 2596 220 2633 1,
250 2600 263 2627 l
303 2602 326 2628 t.
353 2597 520 2628 iuuentius
545 2596 638 2627 talna
664 2594 773 2637 Siqon.
801 2596 914 2638 (Gr-yn.
943 2596 989 2627 M.
1016 2595 1087 2627 Iuv.
1113 2595 1237 2636 Talna)

1503 1662 1545 1693 1⁶)

1497 2008 1516 2042 ¹3
