1742 2902
521 116 622 147 Liber
649 115 777 147 XLIII.
827 116 886 155 (A.
914 114 994 147 Chr.
1028 116 1118 152 170.)
1405 115 1477 151 129

120 245 214 275 stra.
278 237 428 285 Quarta
457 237 542 273 inde
573 237 703 284 vigilia
733 237 843 284 signa
873 238 1012 281 movit,
1054 238 1154 274 mille
1195 237 1313 274 ferme
1350 236 1398 272 ad
1434 247 1530 283 prae-
1565 240 1583 271 t

124 307 261 344 sidium
295 314 504 343 castrorum
544 306 696 344 relictis.
762 307 1019 355 Ineonpositi,
1064 307 1180 355 longo
1221 306 1373 354 agmine
1411 304 1535 349 effusi,

124 377 399 424 infrequentes,
444 387 527 411 cum
559 384 765 412 nocturnus
797 389 903 412 error
934 376 1155 424 dissiparet.
1202 377 1249 412 ad
1282 376 1412 411 urbem
1443 387 1533 423 per-

123 451 321 483 venerunt.
386 443 515 481 Crevit
557 445 813 493 neclegentia,
857 452 1062 493 postquam
1108 446 1296 481 neminem
1345 451 1533 481 armatum
1569 447 1588 479 5

123 515 160 550 in
193 515 308 550 muris
339 514 528 552 viderunt.
581 513 771 558 Ceterum,
803 515 866 550 ubi
884 514 1046 563 primum
1079 515 1149 550 sub
1180 515 1254 550 ictu
1290 514 1351 550 teli
1370 513 1533 557 fuerunt,

125 584 273 620 duabus
304 583 415 619 simul
446 583 565 632 portis
595 585 824 633 erumpitur,
863 591 898 621 et
939 584 987 620 ad
1018 584 1224 620 clamorem
1257 584 1535 632 erumpentium

123 653 257 701 ingens
288 654 466 702 strepitus
499 666 518 689 e
551 654 667 689 muris
699 661 804 690 ortus
837 654 1063 690 ululantium
1105 653 1304 689 mulierum
1337 664 1420 688 cum
1453 664 1534 688 cre-

124 724 204 772 pitu
231 723 398 770 undique
429 723 533 767 aeris,
566 730 601 759 et
633 723 828 759 incondita
857 723 1083 767 multitudo,
1121 724 1234 759 turba
1264 723 1426 758 inmixta
1457 733 1535 757 ser-

124 793 211 836 vili,
252 793 369 829 variis
410 793 567 829 vocibus
599 794 844 841 personabat.
911 793 985 829 Ilio
1019 800 1097 829 tam
1139 793 1336 840 multiplex
1367 791 1534 839 undique
1570 792 1591 822 ti

124 863 295 899 obiectus
327 870 450 898 terror
484 861 628 906 effecit,
673 875 719 898 ne
756 863 943 898 sustinere
980 863 1142 910 primam
1181 862 1392 910 procellam
1423 874 1536 909 erup·

124 932 238 968 tionis
275 933 439 968 Romani
480 938 647 980 possent.
719 932 856 979 Itaque
893 930 1081 979 fugientes
1118 931 1245 979 plures
1287 944 1401 978 quam
1438 942 1535 978 pug-

122 1009 260 1037 nantes
303 1002 519 1050 interempti
569 1007 676 1044 suut;
719 1001 786 1037 vix
830 1001 905 1036 duo
947 1000 1051 1036 milia
1090 1001 1285 1036 hominum
1330 1013 1415 1036 cum
1455 1001 1538 1048 ipso

125 1071 252 1120 legato
283 1072 321 1107 in
352 1078 478 1107 castra
513 1070 773 1119 perfugerunt.
825 1069 912 1117 Quo
945 1070 1095 1119 longius
1126 1071 1198 1106 iter
1226 1071 1264 1106 in
1295 1077 1421 1107 eastra
1444 1077 1538 1114 erat,
1573 1070 1591 1102 7

1573 1139 1594 1173 (l.)

126 1153 171 1177 eo
202 1141 330 1189 plures
360 1140 482 1177 fessos
513 1141 759 1178 consectandi
798 1140 972 1176 hostibus
1013 1141 1125 1188 copia
1157 1140 1240 1177 fuit.
1319 1141 1381 1177 Ne
1413 1152 1539 1176 mora-

123 1216 185 1247 tus
217 1211 368 1258 quidem
400 1211 436 1246 in
468 1211 602 1247 castris
633 1210 807 1258 Appius,
855 1215 897 1245 ut
934 1222 1024 1245 suos
1061 1210 1267 1258 dissipatos
1309 1208 1404 1258 fuga
1435 1209 1539 1246 colli-

120 1287 254 1330 geret,
286 1293 369 1328 quae
398 1293 458 1316 res
489 1281 628 1329 palatis
658 1293 727 1328 per
756 1291 872 1328 agros
899 1279 1013 1315 saluti
1043 1278 1189 1325 fuisset,
1221 1279 1270 1314 ad
1299 1279 1540 1327 Lychnidum

125 1350 300 1398 protinus
331 1350 513 1398 reliquias
543 1350 662 1386 eladis
687 1350 851 1387 reduxit.

238 1420 333 1455 Haec
364 1427 400 1455 et
430 1420 505 1456 alia
535 1420 637 1456 haud
673 1431 855 1467 prospere
884 1418 923 1454 in
953 1419 1184 1455 Macedonia
1220 1425 1329 1467 gesta
1367 1431 1415 1454 ex
1446 1417 1537 1456 Sex.
1603 1407 1650 1452 ll

126 1488 274 1537 Digitio
301 1489 452 1525 tribuno
485 1490 669 1534 militum,
711 1489 775 1536 qui
814 1489 990 1525 sacrificii
1021 1500 1138 1524 causa
1172 1489 1338 1525 Romam
1368 1493 1540 1532 venerat,

1576 1554 1597 1588 ιύ

127 1564 216 1594 sunt
245 1558 386 1596 audita.
463 1560 628 1607 Propter
658 1571 742 1606 quae
773 1558 883 1594 veriti
914 1565 1061 1606 patres,
1093 1571 1140 1594 ne
1171 1571 1247 1606 qua
1278 1557 1402 1594 maior
1430 1558 1540 1606 igno-

128 1627 246 1663 minia
281 1628 537 1676 acciperetur,
577 1629 724 1676 legatos
754 1628 791 1664 in
826 1628 1095 1664 Macedoniam
1127 1628 1181 1664 M.
1214 1627 1394 1665 Fulvium
1425 1627 1543 1664 Flac-

127 1709 214 1733 cum
244 1703 282 1733 et
310 1698 364 1736 M.
397 1697 598 1735 Caninium
632 1697 808 1735 Rebilum
846 1698 1049 1743 miserunt,
1096 1699 1160 1746 qui
1205 1704 1412 1746 conperta,
1459 1710 1543 1745 quae

131 1774 352 1815 agerentur,
382 1766 586 1811 referrent3
624 1774 661 1804 et
703 1774 743 1803 ut
773 1768 825 1806 A.
857 1767 999 1804 Atilius
1030 1767 1164 1804 consul
1193 1767 1348 1804 comitia
1377 1767 1543 1803 consuli·
1577 1769 1597 1803 3

131 1837 201 1872 bus
230 1837 412 1885 rogandis
442 1836 497 1872 ita
526 1837 707 1880 ediceret,
746 1837 799 1873 uti
836 1850 966 1874 mense
995 1837 1178 1874 Ianuario
1210 1837 1345 1873 confici
1376 1843 1544 1885 possent,

132 1911 169 1942 et
199 1912 239 1942 ut
268 1906 392 1955 primo
424 1919 577 1954 quoque
605 1914 779 1955 tempore
825 1906 864 1942 in
904 1909 1036 1945 urbem
1067 1907 1219 1945 rediret.
1298 1906 1457 1942 Interim
1488 1907 1544 1945 Μ.
1578 1911 1599 1944 4

131 1975 260 2012 Raeeio
291 1976 446 2024 praetori
476 1977 721 2021 mandatum,
761 1983 802 2012 ut
844 1977 968 2013 edicto
998 1983 1194 2013 senatores
1225 1988 1357 2013 omnes
1390 1989 1439 2012 ex
1468 1982 1550 2012 tota

134 2157 166 2196 4,
195 2162 214 2189 3
239 2159 457 2200 dissiparetur
513 2160 544 2196 ἴ),
574 2164 591 2190 2
621 2161 683 2191 sub
709 2160 800 2191 iectu
825 2160 990 2192 Drakenb.
1031 2159 1150 2202 (Gryn.
1180 2159 1241 2191 sub
1268 2160 1372 2196 iactu)
1421 2164 1441 2190 4
1467 2167 1554 2192 stre-

366 2224 394 2241 nl

135 2262 296 2303 pitusque
322 2272 339 2293 e
365 2251 456 2294 nuris
515 2267 532 2294 5
561 2263 675 2294 seruili
695 2264 812 2295 iuariis
869 2264 900 2301 6,
934 2269 954 2295 4
990 2264 1097 2295 millia
1123 2263 1169 2303 (Ρ)
1226 2262 1257 2300 7,
1285 2266 1303 2293 2
1331 2273 1389 2295 eos
1410 2263 1516 2304 pluris
1546 2282 1547 2301 3

137 2331 368 2361 consectando
424 2331 457 2367 8,
495 2335 513 2362 2
550 2336 586 2362 ut
610 2342 672 2362 uos
731 2337 750 2363 3
776 2332 925 2373 lycidum
990 2332 1052 2368 XI,
1073 2332 1104 2367 1,
1135 2335 1147 2362 l
1178 2341 1221 2362 ex
1247 2331 1367 2371 digitio
1394 2338 1491 2364 sexto
1517 2320 1556 2375 p}

139 2387 231 2418 milia
256 2388 313 2428 qui
339 2389 515 2420 sacrificiis
546 2399 649 2420 causa
689 2394 708 2420 2
736 2396 902 2421 uenerunt
949 2390 981 2426 2,
1013 2393 1026 2420 l
1054 2397 1164 2428 neque
1194 2387 1312 2430 (Gryn.
1341 2398 1382 2420 ne
1397 2390 1486 2431 quae)
1511 2391 1555 2422 A.

138 2442 243 2475 Per-iz.
296 2449 313 2474 2
342 2455 386 2475 m.
414 2445 536 2477 furium
563 2445 660 2477 Frob.
686 2446 736 2478 II.
787 2451 806 2477 3
833 2447 998 2478 rebellum
1026 2447 1187 2478 miserunt
1212 2455 1366 2487 quaecum
1394 2453 1558 2488 conperta

140 2500 173 2537 3,
205 2505 216 2531 t
250 2500 349 2543 (ἲν-μη.
377 2507 410 2532 et
435 2507 472 2533 ut
496 2503 540 2534 A.
568 2503 736 2535 Hostilius
786 2504 874 2544 (Em.
902 2504 988 2544 552)
1045 2508 1062 2534 2
1095 2502 1193 2545 Gryn.
1228 2504 1559 2545 subrogandisledi-

142 2566 217 2588 cere
239 2558 244 2597 Ι
266 2558 420 2590 ianuario
447 2560 583 2590 comitia
608 2567 747 2601 possent
770 2560 843 2602 ssly.
867 2561 940 2593 Em.
965 2561 1038 2593 552
1075 2560 1197 2602 (Gr-yn.
1224 2560 1385 2592 Ianuario
1419 2562 1558 2593 comitia

143 2615 259 2646 haberi
283 2617 438 2656 possent)
494 2620 513 2647 3
540 2623 573 2648 ct
598 2623 634 2648 ut
661 2628 795 2658 quoque
821 2618 930 2660 primo
956 2624 1105 2658 tempore
1162 2617 1196 2654 4,
1229 2621 1241 2648 1
1271 2628 1315 2649 m.
1343 2619 1435 2649 recio
1461 2618 1559 2661 Psyh.

178 2682 275 2707 Livius
292 2690 326 2708 ex
346 2690 397 2708 rec⁴
416 2683 559 2715 Madvigii.
599 2685 661 2709 VII.
1273 2678 1292 2706 9
