1796 2929
467 145 567 175 Liber
594 144 718 175 XLIV.
769 146 826 179 (Α.
855 144 933 176 Chr.
966 148 1054 181 168.)
1337 144 1401 179 181

57 269 155 309 dein,
186 280 270 303 cuul
302 267 350 303 ad
381 268 492 302 finem
524 265 761 302 Macedoniae
791 275 945 302 ventum
977 274 1097 309 esset,
1136 265 1385 302 subsisterent
1414 265 1466 300 ibi

59 350 103 375 ac
132 337 284 373 nuntios
315 337 365 372 ab
397 347 438 371 se
467 335 741 383 opperirentur.
786 335 960 381 Gentius,
992 338 1133 385 exigua
1162 343 1270 384 parte
1300 334 1469 382 pecuniae

59 415 231 455 accepta,
263 417 347 442 cum
372 405 531 440 adsidue
561 417 584 440 α
616 405 841 441 Pantaucho
874 407 922 442 ad
942 407 1186 443 lacessendos
1208 404 1335 441 hostili
1366 404 1468 440 facto

60 478 255 514 Romanos
285 475 556 518 stimularetur,
589 474 642 512 M.
673 475 916 522 Perpennam
952 482 988 511 et
1020 476 1064 513 L.
1097 475 1276 512 Petilium
1307 475 1468 522 legatos,

60 547 124 595 qui
162 554 239 582 tum
283 543 384 580 forte
413 543 461 580 ad
492 555 576 579 eum
610 551 804 587 venerant,
839 546 875 580 in
908 546 1120 582 custodiam
1152 545 1323 581 coniecit.
1385 544 1472 580 Hoc

60 615 212 658 audito,
250 614 434 658 Perseus,
477 614 715 650 contraxisse
752 627 835 651 eum
875 615 1111 651 necessitatis
1157 616 1247 650 satis
1285 621 1391 650 ratus
1428 625 1473 649 ac

58 686 288 722 bellaturum
314 683 446 730 utique
472 696 556 719 cum
576 684 774 729 Romanis,
805 686 853 721 ad
878 685 1151 729 revocandum,
1184 684 1248 732 qui
1272 683 1471 731 pecuniam

60 756 255 804 portabat,
281 753 393 795 misit,
414 753 517 789 velut
541 754 633 790 nihil
654 755 756 791 aliud
780 768 911 803 agenS,
939 768 1054 803 quam
1072 762 1124 800 ut,
1143 761 1288 802 quanta
1304 752 1475 788 maxima

61 831 204 874 posset,
234 824 365 871 praeda
397 835 444 858 ex
483 835 524 859 se
554 824 655 860 victo
686 826 871 861 Romanis
901 831 1173 861 reservaretur.
1234 823 1283 859 Et
1314 823 1362 858 ab
1395 821 1473 857 Eu—

62 906 170 930 mene
200 893 434 940 Herophon,
473 894 632 941 ignotis,
676 906 760 942 quae
790 895 936 931 occulte
967 902 1053 931 acta
1083 901 1210 937 erant,
1246 893 1354 930 redit.
1413 892 1475 927 De

62 962 224 1011 captivis
255 969 382 998 actum
414 975 496 999 esse
530 970 566 999 et
596 964 668 1012 ipsi
695 965 969 1012 evolgaverant
1000 972 1036 1000 et
1052 964 1244 1000 Eumenes
1267 962 1475 1003 consulein,

63 1032 228 1069 vitandae
257 1032 484 1079 suspicionis
515 1045 644 1077 causa,
675 1033 874 1069 certiorem
908 1032 1009 1070 fecit.

173 1103 352 1145 Perseus,
382 1110 469 1150 post
498 1103 660 1138 reditum
692 1103 740 1138 ab
772 1103 943 1139 Eumene
973 1104 1237 1152 Herophontis
1261 1115 1329 1150 spe
1354 1101 1476 1137 deiec-

63 1180 136 1214 tus,
164 1173 402 1208 Antenorem
434 1178 470 1207 et
491 1170 708 1221 Callippum
738 1171 940 1220 praefectos
971 1173 1104 1209 classis
1134 1185 1220 1208 cum
1246 1172 1323 1208 XL
1343 1170 1478 1206 lembis

64 1243 238 1289 (adieotae
277 1242 326 1277 ad
365 1243 464 1278 hunc
506 1254 703 1278 numerum
749 1242 916 1289 quinque
945 1243 1084 1290 pristes
1117 1243 1244 1289 erant)
1279 1242 1478 1278 Tenedum

65 1313 191 1357 mittit,
218 1321 259 1348 ut
290 1311 377 1347 inde
398 1323 554 1359 sparsas
577 1323 645 1359 per
670 1309 861 1359 Cycladas
886 1311 1030 1348 insulas
1053 1325 1183 1355 naves,
1204 1312 1477 1349 Macedoniam

63 1395 148 1419 cum
180 1381 371 1418 frumento
404 1388 587 1428 petentes,
615 1370 840 1416 tutarentur.
886 1379 1137 1418 Cassandreae
1161 1383 1331 1418 deductae
1361 1393 1480 1417 naves

68 1454 105 1488 in
136 1460 270 1501 portus
301 1451 486 1500 primum,
528 1450 593 1497 qui
623 1451 692 1487 sub
725 1451 832 1487 Atho
863 1459 991 1488 monte
1021 1460 1133 1493 sunt,
1162 1452 1250 1488 inde
1282 1451 1481 1488 Tenedum

68 1522 220 1570 placido
251 1521 349 1557 mari
379 1533 463 1557 cum
485 1520 733 1564 traiecissem,
755 1528 898 1556 stantes
931 1522 969 1557 in
996 1530 1109 1570 portu
1131 1522 1305 1558 Rhodias
1328 1526 1482 1568 apertas

69 1603 187 1627 naves
204 1591 513 1638 Eudamumque,
543 1589 764 1638 praefectum
796 1603 939 1635 earum,
970 1591 1174 1627 inviolatos
1210 1591 1336 1638 adque
1368 1590 1482 1626 etiam

69 1661 231 1708 benigne
261 1659 476 1707 appellatos
497 1660 733 1698 dimiserunt.
779 1658 944 1708 Cognito
968 1661 1115 1703 deinde,
1144 1662 1182 1696 in
1212 1661 1332 1697 latere
1363 1659 1484 1695 altero

70 1729 350 1779 quinquaginta
381 1729 578 1765 onerarias
608 1741 784 1774 suarum,
825 1730 1013 1766 stantibus
1043 1731 1082 1766 in
1113 1731 1212 1767 ostio
1242 1737 1376 1778 portus
1406 1730 1486 1765 Eu-

70 1800 189 1836 menis
219 1799 408 1843 rostratis,
440 1800 577 1846 quibus
600 1799 766 1835 Damius
796 1808 971 1847 praeerat,
1002 1801 1167 1836 inclusas
1199 1813 1294 1843 esse,
1325 1799 1484 1835 circum—
1520 1818 1527 1827 ι

71 1878 202 1907 vectus
240 1881 404 1917 propere
444 1881 489 1905 ac
524 1869 723 1904 summotis
759 1876 906 1905 terrore
938 1870 1104 1905 hostium
1136 1871 1319 1912 navibus,
1351 1880 1486 1905 onera-

71 1982 126 2020 10,
157 1985 170 2011 1
201 1985 312 2011 essent
377 1978 432 2015 11,
462 1981 475 2008 1
506 1977 641 2017 genitus
700 1981 718 2007 2
746 1977 886 2008 adsidue
912 1979 1094 2018 pantaucio
1120 1976 1232 2020 Se'yon.
1285 1983 1304 2009 3
1331 1988 1488 2008 romano-

72 2045 322 2082 stimulareturl
342 2046 499 2088 potilium
561 2050 581 2075 4
608 2047 739 2076 ueniret
771 2047 774 2085 Ι
804 2045 947 2077 confecit
1011 2047 1065 2085 12,
1094 2051 1111 2078 2
1139 2049 1488 2079 contraxisseumcne-

73 2119 238 2150 cessitatis
265 2124 356 2147 ratus
384 2115 456 2157 My.
472 2114 545 2145 Em.
566 2114 639 2145 5130
665 2114 784 2156 (Gryn.
806 2124 882 2145 eum
901 2116 1122 2147 necessitates
1145 2117 1249 2155 ratus)
1273 2119 1277 2156 Ι
1301 2118 1343 2147 ad
1362 2117 1489 2147 bellum

74 2176 146 2217 My.
169 2174 233 2206 z'bd.
289 2178 308 2205 3
328 2171 534 2204 Scribendum
553 2170 657 2202 videri
677 2173 894 2210 revocandos,
919 2174 974 2213 qui
996 2175 1174 2214 pecuniam
1193 2175 1375 2214 portabant
1398 2175 1434 2214 (ξ
1452 2174 1489 2214 9)

72 2234 167 2264 sensit
191 2231 260 2263 Iac.
293 2230 390 2263 Gron.
461 2236 480 2260 4
509 2236 668 2269 quantam
698 2230 702 2269 1
737 2230 851 2270 praeda
879 2240 921 2261 cx
946 2231 1056 2261 edicto
1083 2232 1175 2262 uicto
1204 2230 1334 2273 Kreys&
1365 2232 1487 2273 (Gryn.

74 2311 116 2332 ex
140 2301 249 2340 victo)
301 2299 356 2336 13,
385 2303 403 2330 2
430 2289 792 2340 hieroponimoignotis
818 2309 916 2339 quem
974 2299 1144 2337 XXVIII,
1168 2301 1198 2337 1,
1222 2304 1235 2330 l
1275 2302 1490 2342 eropoutispe

74 2359 224 2390 deiectus
291 2361 310 2388 3
344 2357 457 2397 pristis
479 2359 483 2395 Ι
506 2357 687 2387 tenendum
772 2356 813 2393 2,
845 2360 856 2386 l
888 2366 1012 2396 sparsae
1045 2356 1154 2388 Drak.
1189 2356 1336 2397 (Cret-er.
1365 2359 1491 2398 sparsi3

75 2433 174 2465 muto,
200 2436 269 2467 quw
293 2424 367 2456 Em.
395 2424 468 2456 580
494 2437 522 2456 n.
559 2424 658 2464 <lis-i.)
693 2425 697 2463 l
726 2425 852 2455 insulas
885 2435 916 2455 m
945 2435 1066 2456 nauem
1118 2431 1135 2456 2
1163 2432 1349 2457 tutan-emur
1413 2426 1445 2464 3,
1473 2431 1491 2458 2

76 2490 154 2515 sunt
179 2483 405 2514 detenendum
456 2486 474 2513 3
511 2482 592 2513 satis
617 2483 651 2512 in
674 2481 678 2522 Ι
701 2482 838 2512 rhodios
890 2488 909 2512 4
932 2485 1306 2523 nauesseudamumque
1352 2486 1356 2520 l
1403 2491 1491 2521 eure,

75 2552 175 2582 supra
198 2540 315 2581 scripto
340 2549 362 2569 u
380 2539 382 2574 Ξ
401 2539 584 2570 inuiolatus
607 2538 704 2570 Gron.
734 2540 850 2580 (Gryn.
871 2539 1069 2580 inviolatas)
1114 2541 1147 2579 4,
1169 2546 1188 2572 2
1217 2541 1305 2573 Avaz
1333 2542 1494 2572 suorum?

80 2611 82 2641 ζ
112 2618 269 2640 eumenes
333 2611 353 2639 3
380 2596 524 2638 diamius
589 2607 620 2645 5,
651 2611 664 2637 1
703 2605 773 2646 (De.
799 2607 1085 2640 circumvectus..
1115 2610 1217 2640 mittit
1242 2621 1270 2641 v.
1298 2609 1371 2641 Em.
1401 2609 1492 2648 5803

85 2665 154 2697 Uss.
184 2664 331 2705 Cognito
357 2665 479 2695 deinde
505 2666 672 2700 Antenor,
702 2663 751 2703 in)

1504 265 1547 298 10

1506 335 1546 368 11

1506 538 1552 573 12

1510 818 1554 851 13

1535 1090 1588 1133 28

1510 1305 1530 1339 10
