1796 2929
547 133 646 164 Liber
673 133 798 164 κων.
839 134 900 172 (A.
930 130 1009 162 chr.
1043 129 1134 169 ιω.)
1410 133 1477 166 157

133 261 240 296 varia
270 257 572 304 spectaculorum
605 257 828 304 conquirere
856 267 1014 303 genera3
1054 265 1142 289 nam
1180 251 1295 289 semel
1333 250 1542 299 quadrigis.

133 326 248 362 semel
279 326 469 362 desultore
491 327 619 369 misso,
649 326 714 361 vix
745 325 853 360 unius
879 325 982 360 horae
1013 331 1162 371 tempus
1192 330 1395 369 utrumque
1425 320 1541 355 curri·

1575 392 1598 424 Οἱ

132 396 254 431 culum
287 394 514 442 complebat.
576 396 680 431 Inter
711 403 836 430 cetera
866 394 1047 441 sexageni
1078 394 1196 429 ferme
1226 392 1392 432 iuvenes„
1429 389 1542 424 inter·

131 465 220 500 dum
250 464 376 512 plures
406 465 716 511 apparatioribus
744 464 854 507 ludis,
883 464 1020 500 armati
1042 462 1332 499 inducebantur.
1392 460 1542 495 Horum

132 534 298 570 inductio
332 546 379 570 ex
417 540 525 581 parte
565 534 808 570 simulacrum
851 533 1085 570 decurrentis
1127 531 1314 567 exercitus
1355 535 1469 578 erat„
1496 540 1543 563 ex

131 611 239 652 parte
271 603 513 650 elegantioris
545 616 659 652 quam
693 604 865 639 militaris
896 603 988 638 artis
1009 601 1243 650 propiorque
1273 598 1541 646 gladiatorium

131 685 323 708 armorum
369 685 489 709 usum.
550 673 644 710 Cum
687 674 783 709 alios
827 674 986 708 decursu
1018 671 1224 707 edidissent
1264 677 1408 711 motus,
1449 680 1542 714 qua·
1575 670 1597 704 6

131 742 241 778 ‹lrato
273 743 423 790 agmine
453 742 569 786 facto,
600 744 715 779 scutis
742 755 858 790 super
886 742 1013 790 capita
1039 739 1219 783 densatis,
1250 739 1437 774 stantibus
1468 737 1543 785 pri·

132 810 213 851 mis,
243 811 418 847 secundis·
448 813 791 851 summissioribus,
823 812 942 848 tertiis
974 810 1096 859 magis
1127 817 1162 845 et
1195 808 1363 857 quartis,
1394 815 1543 855 postre-

131 879 202 915 mis
232 880 345 915 etiam
377 893 474 928 genu
507 882 618 921 nixis,
649 883 884 930 fastigatum.
915 881 1009 916 sicut
1040 887 1140 916 tecta
1170 879 1414 914 aedificiorum
1446 883 1543 919 sunt,

129 949 355 986 testudinem
390 950 594 989 faciebant.
653 952 754 987 Hinc
783 951 1060 998 quinquaginta
1089 950 1209 985 ferme
1242 947 1380 996 pedum
1418 945 1542 994 spatio
1582 963 1590 982 ι

130 1018 313 1054 distantes
344 1019 418 1054 duo
451 1022 588 1056 armati
617 1022 913 1069 procurrebant,
949 1018 1245 1065 comminatique
1275 1017 1372 1051 inter
1402 1027 1463 1056 se,
1495 1016 1543 1050 ab

129 1088 205 1123 ima
235 1089 272 1124 in
303 1100 489 1125 summam
522 1090 748 1126 testudinem
780 1102 848 1138 per
878 1089 1038 1124 densat-a
1067 1095 1175 1124 scuta
1206 1099 1290 1122 cum
1321 1086 1543 1122 evasissent.

130 1169 228 1192 nunc
258 1158 361 1194 velut
391 1166 677 1207 propugnantes
707 1172 774 1207 per
805 1170 894 1194 oras
927 1166 1107 1194 extremae
1136 1155 1348 1198 testudinis,
1378 1167 1477 1190 nunc
1507 1154 1543 1189 in

130 1226 255 1262 media
291 1227 389 1263 inter
426 1241 466 1264 se
509 1236 795 1271 concurrentes,
840 1228 942 1264 haud
985 1240 1092 1264 secus
1133 1239 1247 1274 quam
1288 1224 1415 1261 stabili
1461 1225 1543 1259 solo

127 1297 403 1346 persultabant.
440 1298 541 1335 Huic
563 1299 713 1335 testudo
734 1298 866 1334 similis
887 1297 1105 1334 humillimae
1127 1296 1226 1344 parti
1248 1294 1343 1330 muri
1375 1294 1542 1329 admota.
1576 1292 1600 1327 8

130 1366 226 1403 Cum
275 1368 413 1402 armati
452 1380 566 1415 super
613 1376 757 1404 stantes
797 1367 1005 1409 subissent,
1053 1365 1404 1412 propugnatoribus
1447 1363 1543 1399 muri

132 1436 285 1484 fastigio
322 1437 530 1473 altitudinis
553 1439 824 1485 aequabantur3
855 1436 1100 1484 depulsisque
1131 1434 1188 1478 iis,
1218 1434 1256 1470 in
1287 1434 1418 1470 urbem
1450 1433 1544 1468 duo-

129 1519 213 1542 rum
244 1506 438 1554 signorum
463 1506 598 1542 milites
629 1505 955 1542 transcenderunt.
1017 1506 1061 1542 Id
1093 1513 1236 1540 tantum
1260 1503 1442 1539 dissimile
1462 1502 1544 1545 fuiti
1576 1502 1598 1537 9

131 1575 234 1622 quod
264 1584 301 1611 et
330 1576 367 1611 in
398 1575 524 1611 fronte
555 1576 715 1611 extremi
754 1583 791 1610 et.
833 1588 880 1611 ex
919 1576 1102 1612 lateribus
1141 1574 1212 1610 soli
1244 1584 1320 1607 non
1349 1570 1543 1606 habebant

130 1657 245 1693 super
273 1645 402 1693 capita
431 1645 532 1681 elata
561 1654 691 1689 scuta,
729 1658 776 1681 ne
814 1646 1001 1681 nudarent
1035 1656 1222 1692 corpora,
1264 1641 1330 1677 sed
1359 1645 1544 1688 praetenta

129 1715 378 1763 pugnantium
410 1727 528 1750 more.
589 1716 651 1751 Ita
671 1728 741 1751 nec
760 1716 866 1763 ipsos
888 1715 963 1751 tela
990 1727 1038 1751 ex
1068 1727 1177 1750 muro
1203 1713 1318 1748 missa
1339 1711 1543 1746 subeuntes

129 1784 318 1828 laeserunt,
349 1792 385 1820 et-
415 1785 593 1820 testudini
624 1785 762 1821 iniecta
790 1785 922 1822 imbris
957 1784 995 1820 in
1027 1784 1180 1820 modum
1211 1782 1358 1818 lubrico
1388 1777 1543 1826 fastigio

129 1854 286 1890 innoxia
317 1854 365 1889 ad
394 1854 511 1890 imum
543 1854 782 1891 labebantur.
842 1855 894 1891 Et
923 1854 1068 1898 consul,
1098 1860 1212 1901 capto
1241 1853 1318 1887 iam
1340 1848 1543 1891 Heracleo,
1582 1847 1627 1881 10

129 2056 148 2083 3
175 2053 456 2092 conquirereuera
478 2053 483 2090 Ι
505 2061 569 2082 nae
594 2052 696 2083 semel
727 2051 784 2083 On.
806 2052 981 2083 Pam-inus.
1003 2049 1119 2092 (Gr-yn.
1141 2059 1202 2080 uec
1222 2049 1338 2083 semel)
1361 2057 1367 2088 ι
1389 2046 1542 2088 quadrigi

129 2114 149 2139 4
163 2110 365 2141 desultorem
396 2110 561 2150 utrimque
589 2112 606 2139 5
627 2109 810 2149 comple-bit
836 2108 897 2144 5‚2
917 2107 1176 2149 apparatoribus
1195 2107 1263 2137 ludi
1286 2103 1540 2145 filaret.(Gry12.

128 2167 378 2208 apparitoribus
392 2167 479 2205 ludi)
507 2170 526 2197 3
544 2165 958 2206 inductioinparteDrak.
987 2170 1007 2195 4
1027 2165 1243 2204 elegantioris
1260 2163 1429 2194 exercitus
1442 2171 1542 2201 quam

131 2223 261 2265 Kreyss.
279 2223 395 2266 (Gryn.
406 2224 621 2264 elegantioris
637 2223 790 2254 exercitii
805 2224 919 2264 quam)
942 2258 943 2262 Ἰ
961 2221 1021 2261 (H.
1037 2222 1271 2262 propriorque)
1303 2220 1335 2258 6,
1351 2224 1363 2251 l
1385 2219 1543 2250 decursos

127 2281 263 2312 Dom'at.
277 2280 399 2323 (Gr-yn.
410 2282 584 2312 decursus.
600 2281 687 2312 Fort.
703 2281 855 2318 decoros,
872 2287 905 2311 ut
916 2280 1084 2320 Bauer-us)
1102 2284 1120 2309 2
1136 2279 1221 2310 scuti
1247 2282 1267 2309 3
1283 2277 1450 2309 secumdis
1461 2302 1464 2318 Ε
1477 2283 1542 2307 ter-

128 2339 170 2370 tis
221 2343 242 2369 4
268 2339 564 2379 genungenunixis
626 2338 657 2375 7,
686 2342 704 2369 2
733 2339 889 2368 distantis
912 2338 917 2377 1
939 2346 1099 2379 procurre
1125 2336 1388 2376 comminatique
1438 2339 1458 2364 4
1484 2342 1542 2373 per

127 2396 227 2427 horas
278 2395 311 2432 8,
332 2400 346 2427 l
371 2396 542 2427 simillime
564 2396 651 2436 parti
670 2395 803 2437 Kreyss.
829 2401 858 2425 et
887 2394 959 2436 le.
975 2394 1048 2426 Em.
1067 2392 1144 2425 566
1167 2392 1285 2434 (Gryn.
1314 2391 1471 2423 testudini
1498 2391 1543 2421 si-

128 2464 285 2504 millima)
308 2466 312 2503 Ι
333 2470 484 2505 permota
529 2469 546 2494 2
578 2463 676 2505 Gryn.
707 2469 735 2494 et
752 2464 847 2494 ceteri
870 2468 1100 2502 superstantes
1125 2472 1190 2492 una
1214 2471 1288 2492 voce
1317 2474 1320 2499 ς
1349 2446 1541 2501 subipssent

129 2523 148 2550 3
167 2521 391 2561 depulsisquae
407 2522 441 2552 in
458 2521 500 2552 iis
517 2521 551 2552 in
599 2520 632 2561 9,
651 2524 670 2551 2
690 2527 841 2551 extrema
861 2519 992 2561 Lipsius
1056 2523 1076 2549 3
1101 2523 1261 2560 praetecta
1286 2517 1364 2549 Lat.
1392 2516 1542 2548 Latinius

130 2581 149 2605 4
176 2577 348 2609 subeuntis
418 2581 436 2608 5
479 2579 646 2609 testudine
668 2576 673 2618 1
694 2577 800 2607 inbris
885 2576 940 2613 10,
982 2580 995 2606 l
1038 2582 1137 2617 capta
1161 2577 1229 2606 iam
1255 2575 1412 2606 heraclea
1442 2575 1541 2606 Gron.

128 2632 204 2673 (Ad
225 2634 384 2666 heracleo
410 2641 511 2666 tamen
537 2634 674 2666 Forchh.
702 2632 783 2666 nihil
805 2632 967 2673 aduocat.)
