1742 2902
484 132 587 164 Liber
610 133 721 164 XLII.
772 133 834 174 (A.
863 132 943 165 Chr.
974 135 1068 175 171.)
1354 140 1426 174 115

71 256 199 294 liceret
218 255 374 299 intacto,
406 255 526 298 abire,
551 261 587 291 et
609 256 690 304 ipse
712 256 877 292 hostium
905 257 1123 301 adventum,
1149 256 1270 293 elatus
1291 269 1481 301 successu,

71 325 211 363 mansit
241 331 289 369 et,
321 324 384 372 qui
416 325 644 373 phalangem
677 333 930 369 arcesserent,
963 340 1125 374 propere
1165 327 1282 371 misit3
1329 339 1412 374 qnae
1443 333 1479 363 et

70 396 202 441 serius,
235 408 348 442 qnam
380 407 440 430 res
471 395 713 442 postulabat,
759 401 813 440 et,
857 397 995 443 raptim
1034 403 1141 440 acta,
1184 397 1338 432 turbata
1369 409 1480 433 cursu

70 465 253 502 adversus
283 465 487 500 instructos
518 471 554 500 et
584 471 821 512 praeparatos
853 472 935 500 erat
964 466 1188 502 adventura.
1241 464 1383 500 Consul
1414 476 1481 499 an-

68 534 261 571 teveniens
293 534 484 582 extemplo
519 534 690 581 proelium
725 535 928 570 conseruit.
980 535 1113 571 Primo
1144 535 1319 570 resistere
1350 535 1478 570 Mace-

68 604 203 648 dones3
235 604 382 647 deinde,
414 610 453 639 ut
483 604 586 639 nulla
616 616 657 639 re
690 617 801 651 pares
832 611 953 648 erant,
984 604 1134 640 amissis
1168 604 1343 640 trecentis
1375 604 1480 651 pedi-

66 673 177 718 tibus,
208 673 341 720 viginti
363 680 544 720 quattuor
570 673 799 721 primoribus
824 674 991 720 equitum
1016 687 1062 709 ex
1087 674 1161 717 ala,
1188 686 1302 720 quam
1329 685 1480 708 sacram

66 749 224 787 vocant,
262 743 360 778 inter
397 755 493 790 quos
525 743 779 778 Antimachus
821 743 935 778 etiam
980 742 1181 790 praefectus
1223 743 1292 778 alae
1331 743 1478 787 cecidit,

66 813 171 850 abire
202 819 398 850 conantur.
468 810 644 848 Ceterum
678 812 748 846 iter
780 824 900 859 prope
929 812 1011 859 ipso
1042 813 1176 860 proelio
1208 812 1477 848 tumultuosius

64 882 148 921 fuit.
194 882 387 925 Phalanx,
415 881 482 917 abs
508 881 656 928 trepido
674 881 804 916 nuntio
829 881 963 926 accita,
995 893 1079 917 cum
1107 882 1245 929 raptim
1265 882 1478 927 (luceretur,

63 952 188 1001 primo
218 951 256 987 in
288 950 472 998 angustiis
504 950 741 998 captivorum
774 951 918 998 agmini
950 951 1080 986 oblata
1110 951 1369 998 vehiculisque
1399 950 1479 987 fru-

63 1029 191 1057 mento
228 1021 373 1057 onustis
404 1019 529 1063 haesit3
574 1019 707 1067 ingens
748 1020 799 1056 ibi
830 1020 984 1055 vexatio
1016 1020 1135 1068 partis
1167 1021 1363 1068 utriusque
1393 1021 1476 1067 fuit,

61 1090 166 1127 nullo
199 1097 437 1138 expectante,
467 1096 506 1126 ut
525 1096 730 1137 utcumque
756 1089 1012 1137 explicaretur
1042 1102 1192 1138 agmen,
1222 1091 1288 1125 sed
1320 1091 1478 1127 armatis

63 1159 311 1196 deicientibus
359 1172 430 1208 per
482 1171 652 1208 praeceps
712 1159 970 1207 inpedimenta
1026 1162 1165 1207 <neque
1211 1160 1310 1196 enim
1366 1161 1479 1196 aliter

62 1230 126 1266 via
156 1230 295 1277 aperiri
324 1229 506 1278 poterat),
536 1229 725 1272 iumentis,
757 1241 840 1264 cum
873 1229 1171 1275 stimularentur,
1201 1230 1237 1266 in
1264 1231 1376 1265 turba
1407 1242 1477 1266 sae-

61 1299 263 1337 vientibus.
339 1299 420 1335 Vix
460 1301 508 1335 ab
549 1299 742 1335 incondito
775 1299 925 1346 agmine
957 1300 1196 1347 captivorum
1228 1300 1477 1347 expedierant

62 1380 157 1413 sese,
193 1381 276 1405 curn
307 1369 414 1416 regio
451 1369 592 1416 agmini
626 1368 886 1416 perculsisque
917 1369 1107 1415 equitibus
1140 1376 1354 1405 occurrunt.
1416 1370 1478 1406 Ibi

60 1450 152 1475 vero
174 1439 320 1474 clamor
348 1439 556 1474 iubentium
588 1437 730 1474 referre
760 1438 869 1485 signa
899 1437 1017 1473 ruinae
1050 1436 1242 1488 [quoqne]
1275 1452 1395 1486 prope
1426 1439 1477 1475 Si-

59 1509 183 1545 milem
217 1509 508 1557 trepidationem
541 1507 642 1552 fecit,
674 1516 725 1552 ut,
755 1509 789 1543 si
817 1509 958 1551 hostem,
989 1507 1132 1543 intrare
1157 1508 1352 1555 angustias
1381 1508 1477 1552 ausi,

58 1577 210 1626 longius
241 1578 400 1614 insecuti
431 1584 568 1621 essent,
599 1590 740 1626 magna
770 1578 897 1613 clades
929 1577 1049 1624 accipi
1081 1578 1258 1624 potuerit.
1319 1576 1475 1622 Consul,

59 1655 212 1696 recepto
252 1660 300 1684 ex
340 1647 486 1683 tumulo
532 1647 732 1695 praesidio,
777 1653 976 1682 contentus
1027 1647 1176 1682 modico
1217 1659 1395 1682 successu
1437 1646 1476 1681 in

20 1768 23 1770 Ι
61 1725 187 1754 eastra
217 1717 350 1765 copias
378 1717 542 1753 reduxit.
606 1716 722 1760 Sunt,
767 1716 830 1763 qui
870 1728 915 1751 eo
952 1717 1012 1752 die
1043 1729 1182 1764 magno
1213 1716 1347 1764 proelio
1379 1728 1477 1764 pug-

59 1793 191 1822 natum
223 1794 398 1822 auctores
429 1786 521 1831 sint3
560 1786 665 1821 VIII
700 1785 804 1821 milia
833 1785 1000 1821 hostium
1033 1798 1149 1831 caesa,
1194 1786 1231 1821 in
1262 1786 1319 1821 his
1351 1786 1476 1832 Sopa-

59 1861 159 1893 trum
177 1862 213 1893 et
225 1857 488 1905 Antipatrum,
503 1855 630 1904 regios
647 1855 781 1899 duces;
797 1855 907 1892 vivos
925 1862 1058 1904 captos
1075 1852 1478 1899 circiterMMDCCC,

63 2097 82 2124 3
97 2093 244 2124 aduentu
270 2092 473 2133 4phalange
497 2090 560 2127 4,l
583 2102 650 2131 sqq.
668 2099 735 2130 qua
752 2094 785 2119 et
807 2107 847 2111 —
870 2090 992 2129 raptim
1018 2088 1277 2129 aptaturturbati
1296 2098 1412 2119 cursus
1435 2105 1475 2111 —-

63 2156 158 2181 erant
183 2151 371 2181 aduentura
397 2147 644 2189 2119.En,2.548
672 2146 793 2187 (Gr-yn.
825 2144 898 2182 Qua
926 2152 957 2176 et
984 2147 1089 2176 serius
1115 2163 1155 2168 —
1183 2152 1215 2175 et
1239 2146 1358 2185 raptim
1387 2151 1474 2184 acta,

63 2208 187 2239 turbati
215 2217 314 2238 cursu
342 2224 382 2228 --
410 2192 503 2236 erant
529 2204 736 2241 adventuri.)
787 2207 806 2233 3
833 2203 1034 2233 antueniens
1061 2203 1216 2243 exemplo
1277 2202 1307 2238 5,
1336 2206 1354 2232 3
1382 2203 1476 2242 pedi-

64 2269 134 2296 tum
163 2275 205 2295 ex
230 2265 298 2294 alia
347 2267 366 2293 4
389 2263 470 2292 aleae
519 2261 550 2299 6,
578 2265 595 2292 2
623 2261 767 2302 phalans
818 2264 837 2289 4
864 2260 1006 2290 onustiis
1033 2260 1127 2290 caesis
1155 2261 1277 2299 ingens
1297 2259 1477 2300 Heusinqer

65 2321 183 2364 (Gryn.
211 2322 359 2352 onustis:
398 2320 438 2351 iis
465 2320 558 2350 caesis
585 2320 718 2358 ingens)
793 2316 823 2354 7,
851 2321 868 2346 2
911 2324 1110 2357 expectante
1136 2323 1314 2356 utrumque
1341 2316 1473 2358 Kreyss.

65 2389 184 2432 (Gr-yn.
223 2394 423 2430 expectante
459 2388 647 2427 utcunque)
718 2390 736 2416 3
776 2373 984 2416 deitinentib.
1014 2395 1163 2426 praeceps
1190 2384 1320 2426 Kreyss.
1351 2384 1474 2426 (Gryn.

66 2447 322 2478 detrudentibus
344 2446 584 2486 perpraeceps)
608 2445 612 2484 l
636 2444 733 2474 aliter
758 2453 778 2473 a
803 2443 858 2472 uia
885 2443 983 2482 periri
1027 2446 1046 2472 4
1072 2443 1228 2473 iumentis
1254 2452 1361 2482 neque
1388 2443 1477 2473 enim

67 2524 142 2546 cum
165 2515 415 2546 stimularentur
478 2513 510 2550 8,
539 2517 557 2544 2
585 2523 660 2543 eum
689 2502 709 2542 a
734 2512 828 2551 regio
854 2511 990 2549 agmine
1040 2514 1058 2540 3
1085 2519 1219 2549 quoque
1245 2516 1305 2541 not.
1334 2510 1474 2542 Bekker.

69 2575 89 2602 4
114 2578 151 2602 ut
174 2572 288 2602 hostes
312 2573 316 2610 Ι
338 2572 463 2602 introre
490 2570 562 2612 My.
589 2570 662 2601 Em.
691 2568 760 2601 549
788 2568 909 2609 (Gryn.
937 2568 1091 2606 introire)
1122 2569 1126 2607 Ι
1156 2568 1236 2597 auxi
1292 2567 1330 2605 9,
1359 2572 1377 2598 2
1404 2578 1476 2599 mo-

68 2639 142 2672 dico
156 2650 317 2672 concessu
354 2643 374 2670 4
389 2645 544 2671 auctores
559 2644 637 2670 sunt
651 2639 736 2678 (sint
750 2636 879 2678 Siyon.)
895 2637 951 2676 qui
966 2646 1022 2666 vul
1039 2636 1189 2667 hostium
1229 2639 1245 2666 5
1274 2645 1308 2667 00
1333 2645 1368 2667 00
1395 2645 1477 2667 acce

1217 2695 1254 2727 8-1
