<?xml version="1.0" encoding="UTF-8"?>
<!DOCTYPE html PUBLIC "-//W3C//DTD XHTML 1.0 Transitional//EN"
    "http://www.w3.org/TR/xhtml1/DTD/xhtml1-transitional.dtd">
<html xmlns="http://www.w3.org/1999/xhtml" xml:lang="en" lang="en">
 <head>
  <title>
</title>
<meta http-equiv="Content-Type" content="text/html;charset=utf-8" />
  <meta name='ocr-system' content='tesseract 3.04.00' />
  <meta name='ocr-capabilities' content='ocr_page ocr_carea ocr_par ocr_line ocrx_word'/>
</head>
<body>
  <div class='ocr_page' id='page_1' title='image "./p1historiarumrom04livyuoft_0222.png"; bbox 0 0 1753 2934; ppageno 0'>
   <div class='ocr_carea' id='block_1_1' title="bbox 187 342 208 370">
    <p class='ocr_par' dir='ltr' id='par_1_1' title="bbox 187 342 208 370">
     <span class='ocr_line' id='line_1_1' title="bbox 187 342 208 370; baseline 0 0"><span class='ocrx_word' id='word_1_1' title='bbox 187 342 208 370; x_wconf 73' lang='lat' dir='ltr'>(i</span> 
     </span>
    </p>
   </div>
   <div class='ocr_carea' id='block_1_2' title="bbox 162 891 205 923">
    <p class='ocr_par' dir='ltr' id='par_1_2' title="bbox 162 891 205 923">
     <span class='ocr_line' id='line_1_2' title="bbox 162 891 205 923; baseline -0.047 0"><span class='ocrx_word' id='word_1_2' title='bbox 162 891 205 923; x_wconf 73' lang='grc'>11)</span> 
     </span>
    </p>
   </div>
   <div class='ocr_carea' id='block_1_3' title="bbox 127 1367 178 1410">
    <p class='ocr_par' dir='ltr' id='par_1_3' title="bbox 127 1367 178 1410">
     <span class='ocr_line' id='line_1_3' title="bbox 127 1367 178 1410; baseline 0 0"><span class='ocrx_word' id='word_1_3' title='bbox 127 1367 178 1410; x_wconf 80' lang='lat'>33</span> 
     </span>
    </p>
   </div>
   <div class='ocr_carea' id='block_1_4' title="bbox 191 1031 197 1062">
    <p class='ocr_par' dir='ltr' id='par_1_4' title="bbox 191 1031 197 1062">
     <span class='ocr_line' id='line_1_4' title="bbox 191 1031 197 1062; baseline 0 0"><span class='ocrx_word' id='word_1_4' title='bbox 191 1031 197 1062; x_wconf 97' lang='grc'>1</span> 
     </span>
    </p>
   </div>
   <div class='ocr_carea' id='block_1_5' title="bbox 186 1512 205 1545">
    <p class='ocr_par' dir='ltr' id='par_1_5' title="bbox 186 1512 205 1545">
     <span class='ocr_line' id='line_1_5' title="bbox 186 1512 205 1545; textangle 90"><span class='ocrx_word' id='word_1_5' title='bbox 186 1512 205 1545; x_wconf 55' lang='lat' dir='ltr'>{Q</span> 
     </span>
    </p>
   </div>
   <div class='ocr_carea' id='block_1_6' title="bbox 302 136 1250 184">
    <p class='ocr_par' dir='ltr' id='par_1_6' title="bbox 302 136 1250 184">
     <span class='ocr_line' id='line_1_6' title="bbox 302 136 1250 184; baseline -0.001 -13"><span class='ocrx_word' id='word_1_6' title='bbox 302 146 374 181; x_wconf 74' lang='lat'>188</span> <span class='ocrx_word' id='word_1_7' title='bbox 602 176 616 184; x_wconf 41' lang='grc' dir='ltr'><strong>ρ</strong></span> <span class='ocrx_word' id='word_1_8' title='bbox 642 140 744 171; x_wconf 84' lang='lat' dir='ltr'>Liber</span> <span class='ocrx_word' id='word_1_9' title='bbox 768 139 895 170; x_wconf 84' lang='lat' dir='ltr'><strong>XLIV.</strong></span> <span class='ocrx_word' id='word_1_10' title='bbox 947 140 1005 177; x_wconf 65' lang='lat' dir='ltr'>(A.</span> <span class='ocrx_word' id='word_1_11' title='bbox 1038 149 1068 169; x_wconf 93' lang='lat' dir='ltr'>u.</span> <span class='ocrx_word' id='word_1_12' title='bbox 1098 147 1125 169; x_wconf 91' lang='lat' dir='ltr'>c.</span> <span class='ocrx_word' id='word_1_13' title='bbox 1155 136 1250 170; x_wconf 72' lang='grc'>586.)</span> 
     </span>
    </p>
   </div>
   <div class='ocr_carea' id='block_1_7' title="bbox 237 258 1652 1145">
    <p class='ocr_par' dir='ltr' id='par_1_7' title="bbox 237 258 1652 1145">
     <span class='ocr_line' id='line_1_7' title="bbox 240 258 1647 314; baseline -0.001 -13"><span class='ocrx_word' id='word_1_14' title='bbox 240 265 453 314; x_wconf 83' lang='lat' dir='ltr'>ingentibus</span> <span class='ocrx_word' id='word_1_15' title='bbox 493 263 604 299; x_wconf 85' lang='lat' dir='ltr'>minis</span> <span class='ocrx_word' id='word_1_16' title='bbox 645 262 852 298; x_wconf 83' lang='lat' dir='ltr'>adventare</span> <span class='ocrx_word' id='word_1_17' title='bbox 890 262 1091 304; x_wconf 72' lang='lat' dir='ltr'>audiebat,</span> <span class='ocrx_word' id='word_1_18' title='bbox 1141 261 1252 296; x_wconf 90' lang='lat' dir='ltr'>simul</span> <span class='ocrx_word' id='word_1_19' title='bbox 1283 258 1422 296; x_wconf 87' lang='lat' dir='ltr'>Octavi</span> <span class='ocrx_word' id='word_1_20' title='bbox 1461 263 1647 309; x_wconf 84' lang='lat' dir='ltr'>praetoris.</span> 
     </span>
     <span class='ocr_line' id='line_1_8' title="bbox 240 329 1649 378; baseline -0.001 -7"><span class='ocrx_word' id='word_1_21' title='bbox 240 336 324 372; x_wconf 79' lang='lat' dir='ltr'>Nec</span> <span class='ocrx_word' id='word_1_22' title='bbox 363 335 485 370; x_wconf 87' lang='lat' dir='ltr'>minus</span> <span class='ocrx_word' id='word_1_23' title='bbox 527 333 683 369; x_wconf 82' lang='lat' dir='ltr'>terroris</span> <span class='ocrx_word' id='word_1_24' title='bbox 723 345 746 368; x_wconf 88' lang='lat' dir='ltr'>a</span> <span class='ocrx_word' id='word_1_25' title='bbox 793 332 914 368; x_wconf 71' lang='lat' dir='ltr'>classe</span> <span class='ocrx_word' id='word_1_26' title='bbox 957 332 1134 368; x_wconf 79' lang='lat' dir='ltr'>Romana</span> <span class='ocrx_word' id='word_1_27' title='bbox 1164 337 1200 366; x_wconf 88' lang='lat' dir='ltr'>et</span> <span class='ocrx_word' id='word_1_28' title='bbox 1239 329 1407 378; x_wconf 86' lang='lat' dir='ltr'>periculo</span> <span class='ocrx_word' id='word_1_29' title='bbox 1438 331 1649 369; x_wconf 79' lang='lat' dir='ltr'>maritumae</span> 
     </span>
     <span class='ocr_line' id='line_1_9' title="bbox 240 401 1648 449; baseline -0.001 -9"><span class='ocrx_word' id='word_1_30' title='bbox 240 416 316 440; x_wconf 81' lang='lat' dir='ltr'>orae</span> <span class='ocrx_word' id='word_1_31' title='bbox 345 404 525 440; x_wconf 81' lang='lat' dir='ltr'>habebat.</span> <span class='ocrx_word' id='word_1_32' title='bbox 566 403 852 439; x_wconf 78' lang='lat' dir='ltr'>Thessalonicae</span> <span class='ocrx_word' id='word_1_33' title='bbox 882 402 1074 438; x_wconf 84' lang='lat' dir='ltr'>Eumenes</span> <span class='ocrx_word' id='word_1_34' title='bbox 1101 408 1137 436; x_wconf 85' lang='lat' dir='ltr'>et</span> <span class='ocrx_word' id='word_1_35' title='bbox 1159 401 1431 448; x_wconf 78' lang='lat' dir='ltr'><strong>Athenagoras</strong></span> <span class='ocrx_word' id='word_1_36' title='bbox 1461 410 1648 449; x_wconf 86' lang='lat' dir='ltr'>praeerant</span> 
     </span>
     <span class='ocr_line' id='line_1_10' title="bbox 237 469 1647 521; baseline 0 -13"><span class='ocrx_word' id='word_1_37' title='bbox 237 485 321 509; x_wconf 89' lang='lat' dir='ltr'>cum</span> <span class='ocrx_word' id='word_1_38' title='bbox 340 485 461 520; x_wconf 87' lang='lat' dir='ltr'>parvo</span> <span class='ocrx_word' id='word_1_39' title='bbox 486 471 662 521; x_wconf 88' lang='lat' dir='ltr'>praesidio</span> <span class='ocrx_word' id='word_1_40' title='bbox 681 472 768 508; x_wconf 83' lang='lat' dir='ltr'>MM</span> <span class='ocrx_word' id='word_1_41' title='bbox 784 480 1027 508; x_wconf 79' lang='lat' dir='ltr'>cetratorum.</span> <span class='ocrx_word' id='word_1_42' title='bbox 1061 471 1121 508; x_wconf 89' lang='lat' dir='ltr'>Eo</span> <span class='ocrx_word' id='word_1_43' title='bbox 1139 477 1174 506; x_wconf 90' lang='lat' dir='ltr'>et</span> <span class='ocrx_word' id='word_1_44' title='bbox 1190 469 1411 506; x_wconf 83' lang='lat' dir='ltr'>Androclen</span> <span class='ocrx_word' id='word_1_45' title='bbox 1428 470 1647 519; x_wconf 87' lang='lat' dir='ltr'>praefectum</span> 
     </span>
     <span class='ocr_line' id='line_1_11' title="bbox 238 540 1649 589; baseline 0.001 -13"><span class='ocrx_word' id='word_1_46' title='bbox 238 541 363 585; x_wconf 84' lang='lat' dir='ltr'>mittit,</span> <span class='ocrx_word' id='word_1_47' title='bbox 380 542 523 577; x_wconf 89' lang='lat' dir='ltr'>iussum</span> <span class='ocrx_word' id='word_1_48' title='bbox 541 542 611 577; x_wconf 83' lang='lat' dir='ltr'>sub</span> <span class='ocrx_word' id='word_1_49' title='bbox 628 541 719 589; x_wconf 79' lang='lat' dir='ltr'>ipsis</span> <span class='ocrx_word' id='word_1_50' title='bbox 745 541 947 577; x_wconf 81' lang='lat' dir='ltr'>navalibus</span> <span class='ocrx_word' id='word_1_51' title='bbox 965 549 1092 577; x_wconf 86' lang='lat' dir='ltr'>castra</span> <span class='ocrx_word' id='word_1_52' title='bbox 1108 541 1262 578; x_wconf 78' lang='lat' dir='ltr'>habere.</span> <span class='ocrx_word' id='word_1_53' title='bbox 1299 540 1467 576; x_wconf 74' lang='lat' dir='ltr'>IEneam</span> <span class='ocrx_word' id='word_1_54' title='bbox 1486 541 1527 577; x_wconf 90' lang='lat' dir='ltr'>M</span> <span class='ocrx_word' id='word_1_55' title='bbox 1544 542 1649 589; x_wconf 89' lang='lat' dir='ltr'>equi-</span> 
     </span>
     <span class='ocr_line' id='line_1_12' title="bbox 238 609 1649 658; baseline 0.001 -12"><span class='ocrx_word' id='word_1_56' title='bbox 238 618 294 646; x_wconf 87' lang='lat' dir='ltr'>tes</span> <span class='ocrx_word' id='word_1_57' title='bbox 317 617 349 646; x_wconf 77' lang='lat' dir='ltr'>ec</span> <span class='ocrx_word' id='word_1_58' title='bbox 365 609 491 647; x_wconf 88' lang='lat' dir='ltr'>Creon</span> <span class='ocrx_word' id='word_1_59' title='bbox 508 611 782 658; x_wconf 81' lang='lat' dir='ltr'>Antigonensis</span> <span class='ocrx_word' id='word_1_60' title='bbox 813 611 916 647; x_wconf 88' lang='lat' dir='ltr'>missi</span> <span class='ocrx_word' id='word_1_61' title='bbox 948 611 996 646; x_wconf 86' lang='lat' dir='ltr'>ad</span> <span class='ocrx_word' id='word_1_62' title='bbox 1027 610 1222 646; x_wconf 83' lang='lat' dir='ltr'>tutandam</span> <span class='ocrx_word' id='word_1_63' title='bbox 1256 610 1496 646; x_wconf 81' lang='lat' dir='ltr'>maritumam</span> <span class='ocrx_word' id='word_1_64' title='bbox 1528 624 1649 653; x_wconf 80' lang='lat' dir='ltr'>oram,</span> 
     </span>
     <span class='ocr_line' id='line_1_13' title="bbox 240 679 1649 728; baseline 0.002 -14"><span class='ocrx_word' id='word_1_65' title='bbox 240 686 291 723; x_wconf 74' lang='lat' dir='ltr'>ut,</span> <span class='ocrx_word' id='word_1_66' title='bbox 323 691 563 726; x_wconf 88' lang='lat' dir='ltr'>quocumque</span> <span class='ocrx_word' id='word_1_67' title='bbox 593 680 704 716; x_wconf 90' lang='lat' dir='ltr'>litore</span> <span class='ocrx_word' id='word_1_68' title='bbox 733 680 963 728; x_wconf 84' lang='lat' dir='ltr'>adplicuisse</span> <span class='ocrx_word' id='word_1_69' title='bbox 993 691 1112 715; x_wconf 83' lang='lat' dir='ltr'>naves</span> <span class='ocrx_word' id='word_1_70' title='bbox 1145 679 1310 715; x_wconf 90' lang='lat' dir='ltr'>hostium</span> <span class='ocrx_word' id='word_1_71' title='bbox 1347 680 1553 725; x_wconf 78' lang='lat' dir='ltr'>audissent,</span> <span class='ocrx_word' id='word_1_72' title='bbox 1584 694 1649 717; x_wconf 88' lang='lat' dir='ltr'>ex-</span> 
     </span>
     <span class='ocr_line' id='line_1_14' title="bbox 238 748 1651 797; baseline 0.001 -13"><span class='ocrx_word' id='word_1_73' title='bbox 238 749 381 797; x_wconf 88' lang='lat' dir='ltr'>templo</span> <span class='ocrx_word' id='word_1_74' title='bbox 412 749 556 785; x_wconf 84' lang='lat' dir='ltr'>ferrent</span> <span class='ocrx_word' id='word_1_75' title='bbox 601 751 815 797; x_wconf 77' lang='lat' dir='ltr'>agrestibus</span> <span class='ocrx_word' id='word_1_76' title='bbox 854 762 978 797; x_wconf 90' lang='lat' dir='ltr'>opem.</span> <span class='ocrx_word' id='word_1_77' title='bbox 1043 749 1082 785; x_wconf 84' lang='lat' dir='ltr'>V</span> <span class='ocrx_word' id='word_1_78' title='bbox 1112 749 1217 784; x_wconf 87' lang='lat' dir='ltr'>milia</span> <span class='ocrx_word' id='word_1_79' title='bbox 1247 748 1502 785; x_wconf 83' lang='lat' dir='ltr'>Macedonum</span> <span class='ocrx_word' id='word_1_80' title='bbox 1536 750 1651 786; x_wconf 77' lang='lat' dir='ltr'>missa</span> 
     </span>
     <span class='ocr_line' id='line_1_15' title="bbox 237 818 1650 868; baseline 0.001 -14"><span class='ocrx_word' id='word_1_81' title='bbox 237 819 284 854; x_wconf 80' lang='lat' dir='ltr'>ad</span> <span class='ocrx_word' id='word_1_82' title='bbox 330 819 546 867; x_wconf 86' lang='lat' dir='ltr'>praesidium</span> <span class='ocrx_word' id='word_1_83' title='bbox 578 820 719 868; x_wconf 79' lang='lat' dir='ltr'>Pythoi</span> <span class='ocrx_word' id='word_1_84' title='bbox 751 827 787 855; x_wconf 82' lang='lat' dir='ltr'>et</span> <span class='ocrx_word' id='word_1_85' title='bbox 816 820 965 856; x_wconf 83' lang='lat' dir='ltr'>Petrae.</span> <span class='ocrx_word' id='word_1_86' title='bbox 1011 819 1148 866; x_wconf 87' lang='lat' dir='ltr'>quibus</span> <span class='ocrx_word' id='word_1_87' title='bbox 1191 818 1384 866; x_wconf 86' lang='lat' dir='ltr'>praepositi</span> <span class='ocrx_word' id='word_1_88' title='bbox 1431 826 1538 854; x_wconf 82' lang='lat' dir='ltr'>erant</span> <span class='ocrx_word' id='word_1_89' title='bbox 1580 819 1650 855; x_wconf 93' lang='lat' dir='ltr'>Hi-</span> 
     </span>
     <span class='ocr_line' id='line_1_16' title="bbox 238 888 1651 936; baseline 0.001 -12"><span class='ocrx_word' id='word_1_90' title='bbox 238 889 365 924; x_wconf 89' lang='lat' dir='ltr'>stiaeus</span> <span class='ocrx_word' id='word_1_91' title='bbox 397 895 433 924; x_wconf 83' lang='lat' dir='ltr'>et</span> <span class='ocrx_word' id='word_1_92' title='bbox 462 889 691 936; x_wconf 85' lang='lat' dir='ltr'>Theogenes</span> <span class='ocrx_word' id='word_1_93' title='bbox 722 897 757 924; x_wconf 85' lang='lat' dir='ltr'>et</span> <span class='ocrx_word' id='word_1_94' title='bbox 788 889 934 924; x_wconf 84' lang='lat' dir='ltr'>Midon.</span> <span class='ocrx_word' id='word_1_95' title='bbox 1000 888 1072 924; x_wconf 83' lang='lat' dir='ltr'>His</span> <span class='ocrx_word' id='word_1_96' title='bbox 1104 888 1306 936; x_wconf 70' lang='lat' dir='ltr'>profectis,</span> <span class='ocrx_word' id='word_1_97' title='bbox 1351 888 1472 935; x_wconf 80' lang='lat' dir='ltr'>ripam</span> <span class='ocrx_word' id='word_1_98' title='bbox 1506 889 1651 925; x_wconf 89' lang='lat' dir='ltr'>munire</span> 
     </span>
     <span class='ocr_line' id='line_1_17' title="bbox 238 957 1650 1007; baseline 0 -12"><span class='ocrx_word' id='word_1_99' title='bbox 238 958 349 1007; x_wconf 87' lang='lat' dir='ltr'>Elpei</span> <span class='ocrx_word' id='word_1_100' title='bbox 380 958 547 994; x_wconf 89' lang='lat' dir='ltr'>fluminis</span> <span class='ocrx_word' id='word_1_101' title='bbox 579 958 785 1005; x_wconf 80' lang='lat' dir='ltr'>adgressus</span> <span class='ocrx_word' id='word_1_102' title='bbox 818 967 886 1001; x_wconf 67' lang='lat' dir='ltr'>est,</span> <span class='ocrx_word' id='word_1_103' title='bbox 917 958 1008 1006; x_wconf 85' lang='lat' dir='ltr'>quia</span> <span class='ocrx_word' id='word_1_104' title='bbox 1038 958 1138 994; x_wconf 86' lang='lat' dir='ltr'>sicco</span> <span class='ocrx_word' id='word_1_105' title='bbox 1170 958 1280 993; x_wconf 87' lang='lat' dir='ltr'>alveo</span> <span class='ocrx_word' id='word_1_106' title='bbox 1315 957 1466 993; x_wconf 81' lang='lat' dir='ltr'>transiri</span> <span class='ocrx_word' id='word_1_107' title='bbox 1488 964 1650 1006; x_wconf 84' lang='lat' dir='ltr'>poterat.</span> 
     </span>
     <span class='ocr_line' id='line_1_18' title="bbox 238 1027 1652 1076; baseline 0 -12"><span class='ocrx_word' id='word_1_108' title='bbox 238 1029 339 1064; x_wconf 85' lang='lat' dir='ltr'>Huic</span> <span class='ocrx_word' id='word_1_109' title='bbox 370 1030 471 1076; x_wconf 76' lang='lat' dir='ltr'>operi</span> <span class='ocrx_word' id='word_1_110' title='bbox 499 1035 539 1063; x_wconf 83' lang='lat' dir='ltr'>ut</span> <span class='ocrx_word' id='word_1_111' title='bbox 570 1028 692 1063; x_wconf 86' lang='lat' dir='ltr'>omnis</span> <span class='ocrx_word' id='word_1_112' title='bbox 725 1027 925 1064; x_wconf 85' lang='lat' dir='ltr'>multitudo</span> <span class='ocrx_word' id='word_1_113' title='bbox 957 1035 1136 1072; x_wconf 71' lang='lat' dir='ltr'>vacaret,</span> <span class='ocrx_word' id='word_1_114' title='bbox 1169 1027 1318 1063; x_wconf 84' lang='lat' dir='ltr'>feminae</span> <span class='ocrx_word' id='word_1_115' title='bbox 1351 1039 1398 1062; x_wconf 86' lang='lat' dir='ltr'>ex</span> <span class='ocrx_word' id='word_1_116' title='bbox 1428 1028 1652 1076; x_wconf 81' lang='lat' dir='ltr'>propinquis</span> 
     </span>
     <span class='ocr_line' id='line_1_19' title="bbox 238 1097 1651 1145; baseline 0 -11"><span class='ocrx_word' id='word_1_117' title='bbox 238 1099 395 1134; x_wconf 86' lang='lat' dir='ltr'>urbibus</span> <span class='ocrx_word' id='word_1_118' title='bbox 426 1104 535 1133; x_wconf 86' lang='lat' dir='ltr'>cocta</span> <span class='ocrx_word' id='word_1_119' title='bbox 565 1098 708 1133; x_wconf 83' lang='lat' dir='ltr'>cibaria</span> <span class='ocrx_word' id='word_1_120' title='bbox 726 1098 762 1133; x_wconf 92' lang='lat' dir='ltr'>in</span> <span class='ocrx_word' id='word_1_121' title='bbox 781 1105 907 1133; x_wconf 80' lang='lat' dir='ltr'>castra</span> <span class='ocrx_word' id='word_1_122' title='bbox 934 1097 1179 1141; x_wconf 83' lang='lat' dir='ltr'>adferebant3</span> <span class='ocrx_word' id='word_1_123' title='bbox 1211 1097 1318 1133; x_wconf 88' lang='lat' dir='ltr'>miles</span> <span class='ocrx_word' id='word_1_124' title='bbox 1339 1097 1463 1133; x_wconf 90' lang='lat' dir='ltr'>iussus</span> <span class='ocrx_word' id='word_1_125' title='bbox 1485 1109 1533 1133; x_wconf 87' lang='lat' dir='ltr'>ex</span> <span class='ocrx_word' id='word_1_126' title='bbox 1563 1110 1651 1145; x_wconf 91' lang='lat' dir='ltr'>pro-</span> 
     </span>
    </p>
   </div>
   <div class='ocr_carea' id='block_1_8' title="bbox 238 1164 721 1215">
    <p class='ocr_par' dir='ltr' id='par_1_8' title="bbox 238 1164 721 1215">
     <span class='ocr_line' id='line_1_20' title="bbox 238 1164 721 1215; baseline -0.006 -12"><span class='ocrx_word' id='word_1_127' title='bbox 238 1164 390 1215; x_wconf 87' lang='lat' dir='ltr'>pinquis</span> <span class='ocrx_word' id='word_1_128' title='bbox 420 1167 525 1202; x_wconf 85' lang='lat' dir='ltr'>silvis</span> <span class='ocrx_word' id='word_1_129' title='bbox 560 1167 721 1214; x_wconf 78' lang='lat' dir='ltr'>benigne</span> 
     </span>
    </p>
   </div>
   <div class='ocr_carea' id='block_1_9' title="bbox 238 1374 1654 1702">
    <p class='ocr_par' dir='ltr' id='par_1_9' title="bbox 238 1374 1654 1702">
     <span class='ocr_line' id='line_1_21' title="bbox 349 1374 1653 1423; baseline 0 -13"><span class='ocrx_word' id='word_1_130' title='bbox 349 1374 540 1419; x_wconf 76' lang='lat' dir='ltr'>conferre3</span> <span class='ocrx_word' id='word_1_131' title='bbox 586 1383 780 1423; x_wconf 86' lang='lat' dir='ltr'>postremo</span> <span class='ocrx_word' id='word_1_132' title='bbox 825 1376 932 1423; x_wconf 84' lang='lat' dir='ltr'>sequi</span> <span class='ocrx_word' id='word_1_133' title='bbox 976 1387 1016 1411; x_wconf 90' lang='lat' dir='ltr'>se</span> <span class='ocrx_word' id='word_1_134' title='bbox 1056 1375 1250 1423; x_wconf 84' lang='lat' dir='ltr'>putearios</span> <span class='ocrx_word' id='word_1_135' title='bbox 1295 1374 1344 1409; x_wconf 87' lang='lat' dir='ltr'>ad</span> <span class='ocrx_word' id='word_1_136' title='bbox 1380 1386 1504 1417; x_wconf 70' lang='lat' dir='ltr'>mare,</span> <span class='ocrx_word' id='word_1_137' title='bbox 1549 1375 1653 1422; x_wconf 91' lang='lat' dir='ltr'>quod</span> 
     </span>
     <span class='ocr_line' id='line_1_22' title="bbox 239 1442 1653 1492; baseline -0.001 -12"><span class='ocrx_word' id='word_1_138' title='bbox 239 1445 361 1481; x_wconf 88' lang='lat' dir='ltr'>miuus</span> <span class='ocrx_word' id='word_1_139' title='bbox 392 1443 492 1481; x_wconf 86' lang='lat' dir='ltr'>CCC</span> <span class='ocrx_word' id='word_1_140' title='bbox 524 1457 659 1492; x_wconf 87' lang='lat' dir='ltr'>passus</span> <span class='ocrx_word' id='word_1_141' title='bbox 690 1447 842 1490; x_wconf 83' lang='lat' dir='ltr'>aberat,</span> <span class='ocrx_word' id='word_1_142' title='bbox 886 1445 995 1480; x_wconf 86' lang='lat' dir='ltr'>iussit</span> <span class='ocrx_word' id='word_1_143' title='bbox 1032 1452 1067 1481; x_wconf 87' lang='lat' dir='ltr'>et</span> <span class='ocrx_word' id='word_1_144' title='bbox 1111 1445 1148 1480; x_wconf 91' lang='lat' dir='ltr'>in</span> <span class='ocrx_word' id='word_1_145' title='bbox 1184 1444 1294 1480; x_wconf 87' lang='lat' dir='ltr'>litore</span> <span class='ocrx_word' id='word_1_146' title='bbox 1324 1443 1419 1479; x_wconf 88' lang='lat' dir='ltr'>alios</span> <span class='ocrx_word' id='word_1_147' title='bbox 1451 1442 1541 1478; x_wconf 88' lang='lat' dir='ltr'>alibi</span> <span class='ocrx_word' id='word_1_148' title='bbox 1572 1455 1653 1478; x_wconf 89' lang='lat' dir='ltr'>mo·</span> 
     </span>
     <span class='ocr_line' id='line_1_23' title="bbox 238 1511 1654 1562; baseline -0.001 -12"><span class='ocrx_word' id='word_1_149' title='bbox 238 1515 331 1551; x_wconf 88' lang='lat' dir='ltr'>dicis</span> <span class='ocrx_word' id='word_1_150' title='bbox 362 1515 572 1551; x_wconf 86' lang='lat' dir='ltr'>intervallis</span> <span class='ocrx_word' id='word_1_151' title='bbox 604 1514 748 1553; x_wconf 85' lang='lat' dir='ltr'>fodere.</span> <span class='ocrx_word' id='word_1_152' title='bbox 809 1516 960 1551; x_wconf 86' lang='lat' dir='ltr'>Montes</span> <span class='ocrx_word' id='word_1_153' title='bbox 982 1515 1145 1562; x_wconf 83' lang='lat' dir='ltr'>ingentis</span> <span class='ocrx_word' id='word_1_154' title='bbox 1176 1513 1385 1550; x_wconf 86' lang='lat' dir='ltr'>altitudinis</span> <span class='ocrx_word' id='word_1_155' title='bbox 1406 1524 1512 1560; x_wconf 88' lang='lat' dir='ltr'>spem</span> <span class='ocrx_word' id='word_1_156' title='bbox 1535 1511 1654 1549; x_wconf 84' lang='lat' dir='ltr'>facie-</span> 
     </span>
     <span class='ocr_line' id='line_1_24' title="bbox 238 1582 1653 1633; baseline -0.003 -12"><span class='ocrx_word' id='word_1_157' title='bbox 238 1586 342 1629; x_wconf 72' lang='lat' dir='ltr'>bant,</span> <span class='ocrx_word' id='word_1_158' title='bbox 373 1598 417 1621; x_wconf 85' lang='lat' dir='ltr'>eo</span> <span class='ocrx_word' id='word_1_159' title='bbox 450 1586 571 1633; x_wconf 79' lang='lat' dir='ltr'>magis</span> <span class='ocrx_word' id='word_1_160' title='bbox 603 1585 693 1632; x_wconf 86' lang='lat' dir='ltr'>quia</span> <span class='ocrx_word' id='word_1_161' title='bbox 723 1584 847 1620; x_wconf 85' lang='lat' dir='ltr'>nullos</span> <span class='ocrx_word' id='word_1_162' title='bbox 879 1592 1033 1632; x_wconf 87' lang='lat' dir='ltr'>apertos</span> <span class='ocrx_word' id='word_1_163' title='bbox 1065 1591 1287 1632; x_wconf 84' lang='lat' dir='ltr'>evergerent</span> <span class='ocrx_word' id='word_1_164' title='bbox 1318 1583 1444 1625; x_wconf 77' lang='lat' dir='ltr'>rivos,</span> <span class='ocrx_word' id='word_1_165' title='bbox 1484 1582 1653 1618; x_wconf 83' lang='lat' dir='ltr'>occultos</span> 
     </span>
     <span class='ocr_line' id='line_1_25' title="bbox 239 1652 1652 1702; baseline -0.002 -11"><span class='ocrx_word' id='word_1_166' title='bbox 239 1655 423 1691; x_wconf 84' lang='lat' dir='ltr'>contineri</span> <span class='ocrx_word' id='word_1_167' title='bbox 453 1655 606 1691; x_wconf 84' lang='lat' dir='ltr'>latices.</span> <span class='ocrx_word' id='word_1_168' title='bbox 658 1667 818 1702; x_wconf 82' lang='lat' dir='ltr'>quorum</span> <span class='ocrx_word' id='word_1_169' title='bbox 863 1666 968 1689; x_wconf 82' lang='lat' dir='ltr'>venae</span> <span class='ocrx_word' id='word_1_170' title='bbox 1013 1655 1049 1689; x_wconf 91' lang='lat' dir='ltr'>in</span> <span class='ocrx_word' id='word_1_171' title='bbox 1095 1666 1201 1689; x_wconf 83' lang='lat' dir='ltr'>mare</span> <span class='ocrx_word' id='word_1_172' title='bbox 1242 1659 1511 1701; x_wconf 80' lang='lat' dir='ltr'>permanantes</span> <span class='ocrx_word' id='word_1_173' title='bbox 1544 1652 1652 1688; x_wconf 85' lang='lat' dir='ltr'>undae</span> 
     </span>
    </p>
   </div>
   <div class='ocr_carea' id='block_1_10' title="bbox 239 1718 1681 1770">
    <p class='ocr_par' dir='ltr' id='par_1_10' title="bbox 239 1718 1681 1770">
     <span class='ocr_line' id='line_1_26' title="bbox 239 1718 1681 1770; baseline -0.001 -10"><span class='ocrx_word' id='word_1_174' title='bbox 239 1725 496 1761; x_wconf 84' lang='lat' dir='ltr'>miscerentur.</span> <span class='ocrx_word' id='word_1_175' title='bbox 565 1724 643 1760; x_wconf 73' lang='lat' dir='ltr'>Vix</span> <span class='ocrx_word' id='word_1_176' title='bbox 674 1724 828 1761; x_wconf 84' lang='lat' dir='ltr'>diducta</span> <span class='ocrx_word' id='word_1_177' title='bbox 859 1736 1008 1760; x_wconf 85' lang='lat' dir='ltr'>summa</span> <span class='ocrx_word' id='word_1_178' title='bbox 1040 1736 1158 1759; x_wconf 83' lang='lat' dir='ltr'>arena</span> <span class='ocrx_word' id='word_1_179' title='bbox 1189 1730 1293 1765; x_wconf 69' lang='lat' dir='ltr'>erat,</span> <span class='ocrx_word' id='word_1_180' title='bbox 1325 1734 1409 1758; x_wconf 89' lang='lat' dir='ltr'>eum</span> <span class='ocrx_word' id='word_1_181' title='bbox 1441 1723 1650 1770; x_wconf 83' lang='lat' dir='ltr'>scaturiges</span> <span class='ocrx_word' id='word_1_182' title='bbox 1678 1718 1681 1720; x_wconf 54' lang='grc'><strong>’</strong></span> 
     </span>
    </p>
   </div>
   <div class='ocr_carea' id='block_1_11' title="bbox 234 1912 1653 2676">
    <p class='ocr_par' dir='ltr' id='par_1_11' title="bbox 234 1912 1653 2676">
     <span class='ocr_line' id='line_1_27' title="bbox 239 1912 1652 1953; baseline 0 -10"><span class='ocrx_word' id='word_1_183' title='bbox 239 1915 269 1949; x_wconf 78' lang='grc'>6,</span> <span class='ocrx_word' id='word_1_184' title='bbox 299 1918 316 1943; x_wconf 99' lang='grc'>2</span> <span class='ocrx_word' id='word_1_185' title='bbox 344 1914 434 1944; x_wconf 82' lang='lat' dir='ltr'>1101·ae</span> <span class='ocrx_word' id='word_1_186' title='bbox 480 1915 484 1952; x_wconf 66' lang='grc' dir='ltr'>ἶ</span> <span class='ocrx_word' id='word_1_187' title='bbox 532 1915 892 1945; x_wconf 74' lang='lat' dir='ltr'>tessalonicaeumeues</span> <span class='ocrx_word' id='word_1_188' title='bbox 932 1912 1104 1944; x_wconf 70' lang='lat' dir='ltr'>l·&#39;1-0b.ll.</span> <span class='ocrx_word' id='word_1_189' title='bbox 1145 1914 1262 1953; x_wconf 68' lang='lat' dir='ltr'>(Gt-yn.</span> <span class='ocrx_word' id='word_1_190' title='bbox 1300 1913 1447 1943; x_wconf 72' lang='lat' dir='ltr'>habebat</span> <span class='ocrx_word' id='word_1_191' title='bbox 1475 1912 1652 1944; x_wconf 80' lang='lat' dir='ltr'>Thessalo-</span> 
     </span>
     <span class='ocr_line' id='line_1_28' title="bbox 238 1969 1650 2012; baseline -0.001 -10"><span class='ocrx_word' id='word_1_192' title='bbox 238 1972 323 2002; x_wconf 85' lang='lat' dir='ltr'>nica.</span> <span class='ocrx_word' id='word_1_193' title='bbox 376 1972 561 2010; x_wconf 77' lang='lat' dir='ltr'>Eumenes)</span> <span class='ocrx_word' id='word_1_194' title='bbox 586 1972 590 2009; x_wconf 79' lang='grc' dir='ltr'>Ι</span> <span class='ocrx_word' id='word_1_195' title='bbox 613 1978 754 2012; x_wconf 81' lang='lat' dir='ltr'>praeerat</span> <span class='ocrx_word' id='word_1_196' title='bbox 781 1975 799 2002; x_wconf 88' lang='lat'><strong>3</strong></span> <span class='ocrx_word' id='word_1_197' title='bbox 818 1980 851 2002; x_wconf 69' lang='grc' dir='ltr'>σο</span> <span class='ocrx_word' id='word_1_198' title='bbox 882 1981 928 2002; x_wconf 76' lang='lat'>00.</span> <span class='ocrx_word' id='word_1_199' title='bbox 958 1976 1162 2001; x_wconf 83' lang='lat' dir='ltr'>cetratorum</span> <span class='ocrx_word' id='word_1_200' title='bbox 1212 1969 1242 2007; x_wconf 82' lang='lat'>7,</span> <span class='ocrx_word' id='word_1_201' title='bbox 1272 1975 1288 2000; x_wconf 83' lang='lat'><strong>2</strong></span> <span class='ocrx_word' id='word_1_202' title='bbox 1317 1971 1377 2001; x_wconf 84' lang='lat' dir='ltr'>sed</span> <span class='ocrx_word' id='word_1_203' title='bbox 1403 1970 1484 2010; x_wconf 82' lang='lat' dir='ltr'>ipsis</span> <span class='ocrx_word' id='word_1_204' title='bbox 1507 1971 1511 2010; x_wconf 85' lang='grc' dir='ltr'>Ι</span> <span class='ocrx_word' id='word_1_205' title='bbox 1534 1979 1650 2001; x_wconf 73' lang='lat' dir='ltr'>aenenn</span> 
     </span>
     <span class='ocr_line' id='line_1_29' title="bbox 240 2038 1648 2081; baseline -0.002 -10"><span class='ocrx_word' id='word_1_206' title='bbox 240 2051 272 2072; x_wconf 59' lang='lat' dir='ltr'>‘a</span> <span class='ocrx_word' id='word_1_207' title='bbox 307 2042 436 2080; x_wconf 85' lang='lat' dir='ltr'>equites</span> <span class='ocrx_word' id='word_1_208' title='bbox 464 2041 753 2079; x_wconf 76' lang='lat' dir='ltr'>creantigonensis</span> <span class='ocrx_word' id='word_1_209' title='bbox 771 2042 861 2072; x_wconf 88' lang='lat' dir='ltr'>misit</span> <span class='ocrx_word' id='word_1_210' title='bbox 876 2040 1006 2081; x_wconf 69' lang='lat' dir='ltr'>Kreyss.</span> <span class='ocrx_word' id='word_1_211' title='bbox 1025 2039 1175 2080; x_wconf 88' lang='lat' dir='ltr'>(Creon)</span> <span class='ocrx_word' id='word_1_212' title='bbox 1208 2045 1236 2070; x_wconf 74' lang='lat' dir='ltr'>et</span> <span class='ocrx_word' id='word_1_213' title='bbox 1250 2038 1322 2080; x_wconf 74' lang='lat' dir='ltr'>My.</span> <span class='ocrx_word' id='word_1_214' title='bbox 1340 2038 1412 2069; x_wconf 77' lang='lat' dir='ltr'>Em.</span> <span class='ocrx_word' id='word_1_215' title='bbox 1434 2038 1506 2069; x_wconf 65' lang='lat'>582</span> <span class='ocrx_word' id='word_1_216' title='bbox 1531 2038 1648 2080; x_wconf 70' lang='lat' dir='ltr'>(Gryn.</span> 
     </span>
     <span class='ocr_line' id='line_1_30' title="bbox 238 2096 1649 2139; baseline -0.002 -10"><span class='ocrx_word' id='word_1_217' title='bbox 238 2099 366 2139; x_wconf 79' lang='lat' dir='ltr'>equites</span> <span class='ocrx_word' id='word_1_218' title='bbox 394 2109 467 2129; x_wconf 85' lang='lat' dir='ltr'>eum</span> <span class='ocrx_word' id='word_1_219' title='bbox 499 2099 673 2137; x_wconf 77' lang='lat' dir='ltr'>Antigono</span> <span class='ocrx_word' id='word_1_220' title='bbox 700 2098 807 2138; x_wconf 84' lang='lat' dir='ltr'>misit)</span> <span class='ocrx_word' id='word_1_221' title='bbox 857 2098 890 2136; x_wconf 82' lang='grc'>9,</span> <span class='ocrx_word' id='word_1_222' title='bbox 922 2102 933 2129; x_wconf 86' lang='lat' dir='ltr'>l</span> <span class='ocrx_word' id='word_1_223' title='bbox 966 2108 996 2128; x_wconf 95' lang='lat' dir='ltr'>u.</span> <span class='ocrx_word' id='word_1_224' title='bbox 1022 2097 1244 2128; x_wconf 85' lang='lat' dir='ltr'>macedonum</span> <span class='ocrx_word' id='word_1_225' title='bbox 1270 2097 1375 2127; x_wconf 82' lang='lat' dir='ltr'>missa</span> <span class='ocrx_word' id='word_1_226' title='bbox 1401 2102 1434 2127; x_wconf 85' lang='lat' dir='ltr'>et</span> <span class='ocrx_word' id='word_1_227' title='bbox 1458 2096 1649 2136; x_wconf 84' lang='lat' dir='ltr'>praesidium</span> 
     </span>
     <span class='ocr_line' id='line_1_31' title="bbox 238 2157 1646 2207; baseline -0.002 -9"><span class='ocrx_word' id='word_1_228' title='bbox 238 2172 256 2198; x_wconf 82' lang='lat'>2</span> <span class='ocrx_word' id='word_1_229' title='bbox 283 2157 407 2207; x_wconf 66' lang='lat' dir='ltr'>pue-trae</span> <span class='ocrx_word' id='word_1_230' title='bbox 429 2168 433 2201; x_wconf 88' lang='grc'>1</span> <span class='ocrx_word' id='word_1_231' title='bbox 455 2167 617 2197; x_wconf 83' lang='lat' dir='ltr'>histiacus</span> <span class='ocrx_word' id='word_1_232' title='bbox 669 2171 863 2207; x_wconf 75' lang='lat' dir='ltr'>Steogeues</span> <span class='ocrx_word' id='word_1_233' title='bbox 914 2167 969 2206; x_wconf 82' lang='lat'>10,</span> <span class='ocrx_word' id='word_1_234' title='bbox 997 2170 1015 2196; x_wconf 84' lang='lat'><strong>2</strong></span> <span class='ocrx_word' id='word_1_235' title='bbox 1048 2166 1146 2206; x_wconf 70' lang='lat' dir='ltr'>Gryn.</span> <span class='ocrx_word' id='word_1_236' title='bbox 1175 2164 1295 2206; x_wconf 86' lang='lat' dir='ltr'>Enipei</span> <span class='ocrx_word' id='word_1_237' title='bbox 1326 2175 1328 2200; x_wconf 80' lang='grc'>;</span> <span class='ocrx_word' id='word_1_238' title='bbox 1358 2165 1499 2196; x_wconf 82' lang='lat' dir='ltr'>transire</span> <span class='ocrx_word' id='word_1_239' title='bbox 1548 2164 1603 2202; x_wconf 92' lang='grc'>11,</span> <span class='ocrx_word' id='word_1_240' title='bbox 1634 2169 1646 2195; x_wconf 91' lang='lat' dir='ltr'>l</span> 
     </span>
     <span class='ocr_line' id='line_1_32' title="bbox 236 2221 1650 2262; baseline -0.001 -7"><span class='ocrx_word' id='word_1_241' title='bbox 236 2225 314 2255; x_wconf 80' lang='lat' dir='ltr'>huie</span> <span class='ocrx_word' id='word_1_242' title='bbox 349 2232 383 2255; x_wconf 90' lang='lat' dir='ltr'>ut</span> <span class='ocrx_word' id='word_1_243' title='bbox 420 2224 565 2255; x_wconf 36' lang='lat' dir='ltr'>*llus-(tus</span> <span class='ocrx_word' id='word_1_244' title='bbox 640 2228 658 2255; x_wconf 89' lang='grc'>2</span> <span class='ocrx_word' id='word_1_245' title='bbox 695 2232 818 2255; x_wconf 75' lang='lat' dir='ltr'>conctae</span> <span class='ocrx_word' id='word_1_246' title='bbox 853 2224 961 2254; x_wconf 65' lang='lat' dir='ltr'>brak.</span> <span class='ocrx_word' id='word_1_247' title='bbox 1018 2227 1036 2253; x_wconf 81' lang='lat'><strong>3</strong></span> <span class='ocrx_word' id='word_1_248' title='bbox 1066 2223 1145 2254; x_wconf 85' lang='lat' dir='ltr'>Post</span> <span class='ocrx_word' id='word_1_249' title='bbox 1169 2224 1324 2261; x_wconf 74' lang='lat' dir='ltr'>benigne,</span> <span class='ocrx_word' id='word_1_250' title='bbox 1353 2222 1382 2252; x_wconf 83' lang='grc' dir='ltr'>ιἰι</span> <span class='ocrx_word' id='word_1_251' title='bbox 1407 2233 1470 2262; x_wconf 77' lang='lat' dir='ltr'>qua</span> <span class='ocrx_word' id='word_1_252' title='bbox 1497 2233 1569 2252; x_wconf 76' lang='lat' dir='ltr'>voce</span> <span class='ocrx_word' id='word_1_253' title='bbox 1596 2221 1650 2253; x_wconf 83' lang='lat' dir='ltr'>de-</span> 
     </span>
     <span class='ocr_line' id='line_1_33' title="bbox 235 2278 1649 2321; baseline -0.001 -9"><span class='ocrx_word' id='word_1_254' title='bbox 235 2282 308 2312; x_wconf 78' lang='lat' dir='ltr'>sinit</span> <span class='ocrx_word' id='word_1_255' title='bbox 323 2281 440 2321; x_wconf 65' lang='lat' dir='ltr'>sblswn</span> <span class='ocrx_word' id='word_1_256' title='bbox 467 2281 584 2312; x_wconf 68' lang='lat' dir='ltr'>codicis</span> <span class='ocrx_word' id='word_1_257' title='bbox 610 2282 688 2319; x_wconf 74' lang='lat'>132,</span> <span class='ocrx_word' id='word_1_258' title='bbox 719 2280 939 2312; x_wconf 71' lang='lat' dir='ltr'>interciderunt</span> <span class='ocrx_word' id='word_1_259' title='bbox 963 2281 1175 2321; x_wconf 74' lang='lat' dir='ltr'>quaterm&#39;nm&#39;s</span> <span class='ocrx_word' id='word_1_260' title='bbox 1199 2278 1421 2320; x_wconf 71' lang='lat' dir='ltr'>XXI‘J&#39;oIia</span> <span class='ocrx_word' id='word_1_261' title='bbox 1447 2278 1509 2309; x_wconf 80' lang='lat' dir='ltr'>duo</span> <span class='ocrx_word' id='word_1_262' title='bbox 1534 2278 1649 2318; x_wconf 81' lang='lat' dir='ltr'>media,</span> 
     </span>
     <span class='ocr_line' id='line_1_34' title="bbox 237 2334 1653 2379; baseline -0.001 -11"><span class='ocrx_word' id='word_1_263' title='bbox 237 2339 265 2369; x_wconf 74' lang='lat' dir='ltr'>in</span> <span class='ocrx_word' id='word_1_264' title='bbox 285 2340 394 2379; x_wconf 64' lang='lat' dir='ltr'>‘stabas</span> <span class='ocrx_word' id='word_1_265' title='bbox 417 2340 535 2379; x_wconf 65' lang='lat' dir='ltr'>svripla</span> <span class='ocrx_word' id='word_1_266' title='bbox 561 2346 651 2369; x_wconf 67' lang='lat' dir='ltr'>erant</span> <span class='ocrx_word' id='word_1_267' title='bbox 676 2338 797 2379; x_wconf 74' lang='lat' dir='ltr'>reliqna</span> <span class='ocrx_word' id='word_1_268' title='bbox 821 2337 858 2369; x_wconf 77' lang='lat' dir='ltr'>de</span> <span class='ocrx_word' id='word_1_269' title='bbox 879 2338 991 2369; x_wconf 64' lang='lat' dir='ltr'>Persei</span> <span class='ocrx_word' id='word_1_270' title='bbox 1015 2338 1233 2369; x_wconf 69' lang='lat' dir='ltr'>mune&#39;timn&#39;bus</span> <span class='ocrx_word' id='word_1_271' title='bbox 1266 2344 1294 2368; x_wconf 76' lang='lat' dir='ltr'>et</span> <span class='ocrx_word' id='word_1_272' title='bbox 1320 2336 1431 2378; x_wconf 76' lang='lat' dir='ltr'>primis</span> <span class='ocrx_word' id='word_1_273' title='bbox 1458 2335 1499 2367; x_wconf 90' lang='lat' dir='ltr'>L.</span> <span class='ocrx_word' id='word_1_274' title='bbox 1522 2334 1653 2367; x_wconf 77' lang='lat' dir='ltr'>AEmiliz&#39;</span> 
     </span>
     <span class='ocr_line' id='line_1_35' title="bbox 237 2393 1649 2435; baseline -0.002 -9"><span class='ocrx_word' id='word_1_275' title='bbox 237 2395 372 2426; x_wconf 64' lang='lat' dir='ltr'>consiliis:</span> <span class='ocrx_word' id='word_1_276' title='bbox 397 2403 423 2426; x_wconf 78' lang='lat' dir='ltr'>er</span> <span class='ocrx_word' id='word_1_277' title='bbox 448 2398 545 2427; x_wconf 61' lang='lat' dir='ltr'>rebus.</span> <span class='ocrx_word' id='word_1_278' title='bbox 579 2395 684 2435; x_wconf 74' lang='lat' dir='ltr'>(Plut.</span> <span class='ocrx_word' id='word_1_279' title='bbox 705 2396 794 2427; x_wconf 65' lang='lat' dir='ltr'>dim.</span> <span class='ocrx_word' id='word_1_280' title='bbox 820 2396 858 2427; x_wconf 80' lang='lat' dir='ltr'>P.</span> <span class='ocrx_word' id='word_1_281' title='bbox 889 2407 914 2427; x_wconf 86' lang='lat' dir='ltr'>c.</span> <span class='ocrx_word' id='word_1_282' title='bbox 942 2396 1015 2435; x_wconf 66' lang='lat'>14.)</span> <span class='ocrx_word' id='word_1_283' title='bbox 1036 2395 1151 2435; x_wconf 69' lang='lat' dir='ltr'>(Gryn.</span> <span class='ocrx_word' id='word_1_284' title='bbox 1177 2396 1321 2433; x_wconf 85' lang='lat' dir='ltr'>benigne</span> <span class='ocrx_word' id='word_1_285' title='bbox 1353 2394 1430 2432; x_wconf 82' lang='lat' dir='ltr'>om.)</span> <span class='ocrx_word' id='word_1_286' title='bbox 1479 2393 1649 2431; x_wconf 84' lang='lat' dir='ltr'>XXXIII,</span> 
     </span>
     <span class='ocr_line' id='line_1_36' title="bbox 237 2450 1649 2494; baseline -0.004 -9"><span class='ocrx_word' id='word_1_287' title='bbox 237 2453 267 2488; x_wconf 77' lang='grc'>1,</span> <span class='ocrx_word' id='word_1_288' title='bbox 299 2457 309 2483; x_wconf 87' lang='lat' dir='ltr'>l</span> <span class='ocrx_word' id='word_1_289' title='bbox 343 2453 492 2483; x_wconf 83' lang='lat' dir='ltr'>conferre</span> <span class='ocrx_word' id='word_1_290' title='bbox 519 2465 576 2484; x_wconf 84' lang='lat' dir='ltr'>om.</span> <span class='ocrx_word' id='word_1_291' title='bbox 610 2455 708 2494; x_wconf 63' lang='grc' dir='ltr'>(ἰν-μη.</span> <span class='ocrx_word' id='word_1_292' title='bbox 733 2455 738 2492; x_wconf 81' lang='grc' dir='ltr'>Ι</span> <span class='ocrx_word' id='word_1_293' title='bbox 760 2454 964 2484; x_wconf 81' lang='lat' dir='ltr'>sedutrarios</span> <span class='ocrx_word' id='word_1_294' title='bbox 991 2452 1063 2493; x_wconf 74' lang='lat' dir='ltr'>My.</span> <span class='ocrx_word' id='word_1_295' title='bbox 1091 2452 1163 2483; x_wconf 84' lang='lat' dir='ltr'>Em.</span> <span class='ocrx_word' id='word_1_296' title='bbox 1186 2452 1258 2483; x_wconf 65' lang='lat'>5152</span> <span class='ocrx_word' id='word_1_297' title='bbox 1284 2451 1399 2493; x_wconf 77' lang='lat' dir='ltr'>(Gryn.</span> <span class='ocrx_word' id='word_1_298' title='bbox 1428 2460 1464 2481; x_wconf 86' lang='lat' dir='ltr'>se</span> <span class='ocrx_word' id='word_1_299' title='bbox 1488 2450 1649 2490; x_wconf 79' lang='lat' dir='ltr'>utrarios)</span> 
     </span>
     <span class='ocr_line' id='line_1_37' title="bbox 237 2511 1647 2560; baseline -0.002 -9"><span class='ocrx_word' id='word_1_300' title='bbox 237 2527 255 2552; x_wconf 86' lang='grc'>2</span> <span class='ocrx_word' id='word_1_301' title='bbox 284 2511 410 2551; x_wconf 72' lang='lat' dir='ltr'>misuus</span> <span class='ocrx_word' id='word_1_302' title='bbox 435 2523 438 2559; x_wconf 83' lang='grc' dir='ltr'>Ι</span> <span class='ocrx_word' id='word_1_303' title='bbox 461 2522 608 2552; x_wconf 77' lang='lat' dir='ltr'>habebat</span> <span class='ocrx_word' id='word_1_304' title='bbox 645 2525 664 2552; x_wconf 85' lang='lat'>3</span> <span class='ocrx_word' id='word_1_305' title='bbox 692 2521 827 2552; x_wconf 82' lang='lat' dir='ltr'>foedere</span> <span class='ocrx_word' id='word_1_306' title='bbox 867 2522 899 2556; x_wconf 79' lang='grc'>2,</span> <span class='ocrx_word' id='word_1_307' title='bbox 927 2525 945 2551; x_wconf 91' lang='grc'>2</span> <span class='ocrx_word' id='word_1_308' title='bbox 974 2521 1243 2560; x_wconf 74' lang='lat' dir='ltr'>euergentti·iuos</span> <span class='ocrx_word' id='word_1_309' title='bbox 1259 2519 1348 2550; x_wconf 68' lang='lat' dir='ltr'>For-t.</span> <span class='ocrx_word' id='word_1_310' title='bbox 1367 2525 1540 2559; x_wconf 79' lang='lat' dir='ltr'>egererent</span> <span class='ocrx_word' id='word_1_311' title='bbox 1559 2520 1647 2549; x_wconf 84' lang='lat' dir='ltr'>rivos</span> 
     </span>
     <span class='ocr_line' id='line_1_38' title="bbox 235 2577 1646 2617; baseline -0.003 -8"><span class='ocrx_word' id='word_1_312' title='bbox 235 2578 308 2609; x_wconf 81' lang='lat' dir='ltr'>Em.</span> <span class='ocrx_word' id='word_1_313' title='bbox 329 2579 410 2609; x_wconf 62' lang='lat'><em>5152.</em></span> <span class='ocrx_word' id='word_1_314' title='bbox 439 2578 507 2609; x_wconf 68' lang='lat' dir='ltr'>Alii</span> <span class='ocrx_word' id='word_1_315' title='bbox 529 2579 607 2609; x_wconf 72' lang='lat' dir='ltr'>alia.</span> <span class='ocrx_word' id='word_1_316' title='bbox 638 2581 641 2617; x_wconf 74' lang='lat' dir='ltr'><em>J</em></span> <span class='ocrx_word' id='word_1_317' title='bbox 671 2579 844 2609; x_wconf 73' lang='lat' dir='ltr'>occoultos</span> <span class='ocrx_word' id='word_1_318' title='bbox 896 2583 914 2608; x_wconf 89' lang='lat'>3</span> <span class='ocrx_word' id='word_1_319' title='bbox 942 2579 1113 2609; x_wconf 79' lang='lat' dir='ltr'>continere</span> <span class='ocrx_word' id='word_1_320' title='bbox 1128 2577 1217 2608; x_wconf 60' lang='lat' dir='ltr'>Dar.</span> <span class='ocrx_word' id='word_1_321' title='bbox 1240 2579 1241 2609; x_wconf 62' lang='grc' dir='ltr'>ἔ</span> <span class='ocrx_word' id='word_1_322' title='bbox 1261 2578 1347 2607; x_wconf 87' lang='lat' dir='ltr'>unde</span> <span class='ocrx_word' id='word_1_323' title='bbox 1395 2577 1428 2614; x_wconf 86' lang='lat'>3,</span> <span class='ocrx_word' id='word_1_324' title='bbox 1459 2580 1470 2606; x_wconf 88' lang='lat' dir='ltr'>l</span> <span class='ocrx_word' id='word_1_325' title='bbox 1502 2577 1646 2606; x_wconf 78' lang='lat' dir='ltr'>deducta</span> 
     </span>
     <span class='ocr_line' id='line_1_39' title="bbox 234 2634 1213 2676; baseline -0.001 -11"><span class='ocrx_word' id='word_1_326' title='bbox 234 2635 344 2666; x_wconf 65' lang='lat' dir='ltr'>brak.</span> <span class='ocrx_word' id='word_1_327' title='bbox 370 2646 371 2650; x_wconf 55' lang='lat'>¹</span> <span class='ocrx_word' id='word_1_328' title='bbox 402 2636 524 2665; x_wconf 80' lang='lat' dir='ltr'>harena</span> <span class='ocrx_word' id='word_1_329' title='bbox 587 2637 789 2675; x_wconf 81' lang='lat' dir='ltr'>scaturriges</span> <span class='ocrx_word' id='word_1_330' title='bbox 816 2634 945 2676; x_wconf 59' lang='lat' dir='ltr'>(lfulyo</span> <span class='ocrx_word' id='word_1_331' title='bbox 972 2635 1213 2674; x_wconf 77' lang='lat' dir='ltr'>scaturigines)</span> 
     </span>
    </p>
   </div>
  </div>
 </body>
</html>
