1742 2902
203 324 248 358 10

202 528 243 562 ll

169 868 218 914 51

338 134 388 169 94
689 128 792 160 Liber
816 127 926 159 XLII.
978 128 1040 167 (Δ.
1068 137 1100 158 u.
1128 136 1156 158 c.
1187 127 1283 168 583.)

281 265 429 300 cunque
460 263 570 287 casus
606 250 692 286 belli
728 250 873 295 tulerit,
922 257 988 287 aut
1025 251 1149 286 victor
1179 250 1314 286 liberet
1344 250 1475 285 orbem
1506 254 1692 287 terrarum

280 323 328 358 ab
359 321 520 368 imperio
554 320 743 355 Romano.
803 320 893 356 Non
925 333 1008 357 esse
1038 319 1300 357 admirabilius
1322 320 1520 356 Romanos
1542 317 1694 358 Graecia

279 390 390 439 pelli,
433 402 548 437 quam
586 389 845 425 Hannibalem
895 390 1009 426 ltalia
1047 389 1197 438 pulsum
1241 400 1342 430 esse;
1382 401 1506 435 neque
1542 388 1695 426 hercule

282 459 435 502 videre,
474 458 538 506 qui
569 459 790 503 conveniat,
831 458 940 495 fratri
972 458 1179 495 adfectanti
1218 470 1286 506 per
1323 458 1498 494 iniuriam
1535 469 1692 506 regnum

262 540 430 565 ¹summa
450 528 488 564 vi
510 528 705 572 restitisse,
727 528 949 576 alienigenis
972 529 1066 564 bene
1086 536 1198 576 parto
1221 541 1266 564 eo
1289 528 1434 564 cedere.
1492 528 1694 566 Postremo

277 598 333 634 ita
363 598 408 633 de
437 597 536 634 bello
564 604 599 633 et
630 610 725 646 pace
757 598 887 645 quaeri,
916 604 958 633 ut
983 597 1080 633 inter
1110 609 1241 633 ornnes
1272 597 1487 641 conveniat,
1518 609 1588 633 nec
1618 588 1694 634 tur·

278 666 364 715 pius
396 667 600 714 quicquam
639 678 722 702 esse
753 678 867 713 quam
909 667 990 702 sine
1026 667 1233 702 certamine
1263 667 1421 703 cessisse
1450 678 1590 714 regum
1629 678 1697 705 neo

279 736 500 784 praeclarius
538 736 742 783 quicquam
775 748 883 783 quam
920 748 990 784 pro
1025 736 1210 784 dignitate
1240 748 1285 772 ae
1315 736 1695 775 maiestate-omnem

277 804 473 842 fortunam
504 812 702 854 expertum
733 817 828 843 esse.

391 875 531 919 Pellae,
571 875 608 910 in
639 883 767 910 vetere
808 875 915 923 regia
945 875 1222 919 Macedonum,
1262 876 1336 911 hoc
1374 874 1572 912 consilium
1604 878 1695 912 erat.

283 944 503 989 „Geramus
524 948 640 992 erg0“
673 944 808 992 inquit,
842 945 924 987 „dis
953 946 1047 981 bene
1076 945 1307 990 iuvantibus,
1339 945 1491 992 quando
1518 945 1572 980 ita
1592 943 1696 980 vide-

280 1020 353 1057 tur,
374 1014 553 1052 bellum.“
589 1014 820 1061 Litterisque
841 1014 942 1050 circa
963 1013 1163 1062 praefectos
1186 1015 1363 1059 dimissis,
1386 1014 1525 1051 Citium
1550 1014 1696 1061 (Maee-

280 1084 404 1119 doniae
443 1084 626 1132 oppidum
668 1084 747 1132 est)
792 1084 922 1132 copias
965 1095 1096 1120 omnes
1135 1084 1335 1121 contrahit.
1399 1085 1508 1133 Ipse,
1548 1091 1696 1121 centum

279 1153 414 1190 hostiis
445 1153 631 1190 sacrificio
671 1154 852 1201 regaliter
882 1154 1087 1198 Minervae,
1130 1166 1243 1201 quam
1283 1160 1423 1190 vocant
1457 1153 1698 1198 Alcidemon,

279 1221 404 1266 facto,
434 1234 519 1258 cum
550 1231 846 1270 purpuratorum
879 1230 916 1259 et
945 1223 1149 1259 satellitum
1184 1236 1298 1259 manu
1333 1222 1526 1271 profectus
1558 1222 1697 1261 Citium

281 1298 350 1328 est.
415 1292 474 1328 Eo
510 1292 586 1327 iam
629 1305 760 1337 omnes
805 1293 1061 1329 Macedonum
1102 1299 1136 1328 et
1179 1299 1420 1329 externorum
1469 1293 1697 1330 auxiliorum

281 1369 539 1397 convenerant
569 1362 700 1410 copiae.
762 1361 901 1399 Castra
931 1370 1019 1399 ante
1059 1363 1190 1398 urbem
1222 1363 1348 1410 ponit,
1388 1375 1596 1410 omnesque
1637 1375 1698 1399 ar-

282 1438 406 1466 matos
444 1431 481 1466 in
512 1443 649 1479 campo
684 1432 875 1468 instruxit.
935 1432 1094 1470 Summa
1135 1433 1300 1468 omnium
1341 1433 1597 1481 quadraginta
1627 1435 1698 1470 tria

282 1501 386 1536 milia
423 1508 573 1537 armata
610 1500 741 1544 fuere,
785 1515 945 1549 quorum
987 1514 1078 1549 pars
1112 1501 1231 1538 set-me
1271 1502 1429 1539 dimidia
1466 1503 1698 1551 phalangitae

282 1577 400 1606 erant.
460 1570 627 1618 Hippias
660 1572 850 1607 Beroeaeus
883 1578 1055 1619 praeerat.
1116 1572 1277 1608 Delecra
1314 1573 1449 1609 deinde
1487 1579 1523 1608 et
1553 1573 1697 1610 viribus

282 1646 317 1676 et
349 1641 487 1676 robore
517 1641 639 1676 aetatis
670 1653 717 1676 ex
748 1642 850 1677 omni
882 1649 1112 1677 cetratorum
1141 1655 1303 1680 ,numero
1335 1643 1410 1678 duo
1440 1644 1540 1678 milia
1570 1648 1696 1688 erant3

282 1722 420 1758 agema
451 1711 548 1746 hanc
578 1711 650 1758 ipsi
681 1711 867 1758 legionem
900 1711 1108 1754 vocabant3
1139 1711 1340 1759 praefectos
1370 1712 1539 1748 habebat
1568 1712 1697 1748 Leon-

282 1786 412 1815 natum
446 1787 482 1816 et
503 1780 762 1828 Thrasippum
786 1781 1003 1829 Eulyestas.
1062 1780 1283 1817 Ceterorum
1314 1788 1558 1825 cetratorum,
1583 1782 1696 1819 trium

280 1848 400 1885 ferme
421 1849 565 1886 milium
588 1850 797 1893 hominum,
825 1851 903 1886 dux
925 1857 1007 1886 erat
1028 1851 1251 1899 Antiphilus
1278 1851 1491 1887 Edessaeus.
1536 1852 1697 1888 Paeones

281 1926 318 1955 et
349 1932 396 1955 ex
426 1920 599 1956 Parorea
627 1927 664 1956 et
692 1921 1012 1968 Par-astrymonia
1042 1921 1145 1966 (sunt
1176 1927 1302 1956 autem
1337 1933 1383 1957 ea
1411 1920 1498 1956 loca
1526 1921 1698 1958 subiecta

280 2018 326 2025 ..—

283 2094 301 2121 3
317 2080 456 2122 liberart
493 2091 548 2127 10,
566 2095 584 2121 4
600 2091 784 2121 restituisse
826 2090 879 2127 11,
897 2095 914 2121 2
931 2091 978 2121 ita
998 2090 1088 2121 bello
1105 2089 1176 2130 My.
1193 2089 1266 2120 Em.
1283 2089 1356 2121 538
1397 2094 1416 2120 4
1439 2090 1619 2130 quicquam
1634 2099 1696 2131 pro

284 2148 447 2186 dignitate
463 2149 503 2178 ad
521 2149 697 2179 maiestate
750 2148 808 2184 LI,
825 2148 855 2184 1,
877 2151 887 2178 l
908 2148 997 2188 pelle
1039 2151 1056 2177 2
1072 2148 1187 2187 inquid
1230 2151 1248 2178 3
1265 2148 1374 2177 titium
1415 2151 1434 2177 4
1453 2148 1563 2178 omnis
1579 2154 1696 2179 contra

283 2205 355 2246 ipsa
380 2213 513 2236 centum
533 2206 637 2237 hostis
693 2205 725 2242 2,
742 2209 760 2236 2
788 2204 1218 2236 uocantaleidemconfacto
1240 2204 1420 2242 T11r1iebus3
1449 2203 1546 2246 Gryn.
1571 2209 1694 2236 vocant

281 2273 437 2304 Alc-idem
454 2274 608 2306 confecto
634 2278 653 2305 3
672 2285 791 2305 manus
819 2278 839 2304 4
855 2275 1096 2305 macedeonum
1113 2281 1330 2304 externorum
1346 2273 1548 2304 auxiliorum
1575 2272 1696 2304 Vahlen

283 2331 404 2372 (Gryn.
432 2333 731 2373 externorumque)
784 2332 816 2368 3,
849 2335 862 2362 l
891 2332 969 2373 poni
998 2332 1107 2362 omnis
1134 2337 1350 2371 armatosque
1396 2334 1414 2360 2
1442 2331 1566 2361 struxit
1596 2329 1693 2363 Gron.

284 2398 290 2441 Ι
318 2401 542 2440 quadraginta
569 2401 659 2430 milia
691 2400 788 2432 Gron.
841 2405 860 2430 4
887 2401 1005 2431 bercus
1060 2399 1093 2436 4,
1126 2404 1138 2430 l
1168 2406 1205 2429 ut
1230 2400 1358 2430 uiribus
1410 2403 1427 2429 2
1455 2389 1692 2441 cetratioruml

282 2457 348 2487 duo
375 2463 470 2487 erant,
495 2458 637 2497 liagcma
663 2458 749 2488 hanc
779 2457 908 2498 Kreyss.
944 2457 1062 2499 (Gryn.
1091 2458 1158 2487 duo
1185 2463 1281 2487 erant
1305 2462 1473 2496 agemata,
1500 2457 1589 2487 hanc
1614 2456 1692 2497 ipsi)

282 2517 301 2546 3
333 2514 430 2556 Gryn.
447 2515 617 2545 habebant
640 2521 667 2545 el
683 2515 873 2546 Leonatum
914 2519 932 2546 4
948 2516 1134 2555 trasippum
1153 2513 1350 2554 (Eulyestns
1367 2519 1563 2554 corruptum3
1594 2512 1691 2545 Gron.

282 2572 468 2613 Lyncestas
492 2571 726 2613 probabilzter.)
786 2580 817 2608 o,
846 2576 864 2603 2
891 2573 1035 2603 millium
1058 2572 1063 2612 Ι
1085 2571 1271 2611 anthipilus
1299 2571 1471 2602 aetlissaeus
1521 2575 1540 2602 3
1567 2580 1610 2602 ex
1633 2579 1691 2611 pa·

282 2639 365 2661 rona
392 2629 502 2670 Sisyon.
532 2628 648 2670 (Gryn.
675 2629 827 2669 parm-ia)
849 2630 854 2668 1
876 2629 1126 2670 parstrymonia
1153 2627 1225 2669 My.
1253 2627 1325 2659 Em.
1353 2627 1426 2659 538
