1796 2929
495 130 596 161 Liber
621 129 747 161 XLIII.
798 130 860 168 (A.
889 127 969 161 Chr.
1002 128 1096 168 169.)
1406 129 1478 164 135

122 257 223 290 runt.
288 251 469 289 Senatum
513 253 647 289 deinde
680 264 856 289 censores
887 252 1072 299 legerunt.
1119 251 1173 287 M.
1207 249 1387 287 AEmilius
1417 248 1534 297 Lepi-

123 321 194 357 dus
225 322 399 370 princeps
431 323 478 358 ab
510 323 628 359 tertiis
671 323 746 358 iam
778 322 999 358 censoribus
1028 321 1159 357 lectus.
1230 319 1385 367 Septem
1425 330 1445 353 e
1475 329 1534 353 se-

123 396 214 426 natu
245 392 353 427 eiecti
382 397 479 427 sunt.
556 393 603 428 In
633 404 746 428 censu
785 391 1006 438 accipiendo
1038 390 1168 438 populi
1201 389 1337 424 milites
1368 400 1415 423 ex
1446 387 1532 423 Ma-

122 460 303 496 cedonico
332 461 512 507 exercitu,
544 462 608 509 qui
639 473 755 509 quam
785 459 895 496 multi
925 461 1104 496 abessent
1133 460 1181 495 ab
1212 459 1350 507 signis,
1394 468 1530 493 census

122 530 262 575 docuit,
279 530 314 566 in
332 530 568 578 provinciam
586 531 705 566 redire
722 531 930 578 cogebant3
962 541 1098 566 causas
1115 528 1312 576 stipendiis
1329 528 1530 563 missorum

121 600 404 648 cognoscebant
435 606 492 645 et,
536 600 643 637 cuius
675 600 842 636 nondum
883 600 983 636 iusta
1027 599 1157 635 missio
1200 598 1283 634 visa
1318 604 1437 642 esset,
1477 596 1531 632 ita.

120 668 178 705 ius
210 669 411 705 iurandum
444 669 668 717 adigebant:
702 670 788 714 „Ex
822 670 875 706 tui
893 669 1009 705 animi
1027 668 1227 711 sententia,
1257 674 1295 704 tu
1327 680 1373 703 ex
1408 666 1531 703 edicto

121 736 165 774 C.
198 737 348 783 Claudi,
380 739 441 777 Ti.
458 739 660 788 Semproni
692 751 893 775 censorum
924 739 960 775 in
992 738 1228 786 provinciam
1261 736 1532 774 Macedoniam

120 807 273 851 redibis,
305 808 407 856 quod
439 808 520 844 sine
551 809 639 844 dolo
671 809 772 845 malo
802 808 930 845 facere
961 807 1156 857 poteris?“

231 878 277 913 In
308 877 498 925 equitibus
534 878 775 914 recensendis
822 878 940 914 tristis
987 877 1363 917 admodum,eorum
1407 875 1534 923 adque

119 959 259 995 aspera
290 959 450 983 censura
480 947 572 992 fuit3
603 948 728 984 multis
760 959 880 995 equos
911 947 1147 983 ademerunt.
1222 947 1268 983 In
1299 958 1345 981 ea
1375 958 1415 980 re
1445 956 1530 980 cum

119 1023 333 1064 equestrem
352 1018 522 1053 ordinem
541 1017 799 1061 offendissent,
825 1018 1020 1053 flammam
1038 1017 1190 1052 invidiae
1205 1015 1379 1052 adiecere
1396 1014 1534 1059 edicto,

119 1099 196 1134 quo
228 1087 449 1130 edixerunt,
487 1099 534 1122 ne
565 1086 649 1134 quis
680 1100 832 1131 eorum,
875 1087 938 1135 qni
970 1086 1017 1134 Q
1053 1086 1215 1130 Fulvio,
1246 1085 1296 1122 A.
1327 1084 1531 1121 Postumio

119 1157 343 1193 censoribus
384 1156 538 1204 publica
576 1157 781 1205 vectigalia
819 1163 885 1193 aut
929 1156 1027 1192 ultro
1065 1156 1208 1192 tributa
1247 1156 1533 1199 conduxissent,

120 1226 170 1262 ad
215 1227 366 1263 hastam
412 1238 520 1262 suam
567 1226 766 1262 accederet
809 1226 984 1263 sociusve
1030 1233 1096 1263 aut
1141 1225 1276 1262 adfinis
1320 1225 1400 1261 eius
1438 1237 1533 1261 con-

118 1295 307 1332 ductionis
352 1301 463 1331 esset.
548 1295 658 1343 Saepe
702 1296 739 1332 id
790 1297 983 1344 querendo
1024 1302 1171 1332 veteres
1210 1295 1405 1343 publicani
1444 1306 1529 1331 cum

118 1366 323 1413 impetrare
353 1365 574 1413 nequissent
603 1366 652 1401 ab
683 1371 830 1410 senatu,
879 1372 919 1401 ut
949 1366 1104 1402 modum
1135 1365 1319 1413 potestati
1350 1363 1533 1400 censoriae

118 1435 370 1483 imponerent,
401 1434 553 1471 tandem
585 1435 776 1471 tribunum
808 1435 930 1483 plebis
962 1436 1004 1471 P.
1036 1434 1218 1472 Rutilium
1237 1462 1246 1479 ,
1290 1447 1338 1470 ex
1368 1434 1422 1470 rei
1453 1432 1534 1481 pri·

117 1510 218 1540 vatae
248 1504 489 1540 contentione
532 1504 669 1541 iratum
702 1505 947 1549 censoribus,
991 1511 1196 1552 patronum
1239 1516 1364 1539 causae
1404 1502 1533 1538 naneti

117 1579 217 1610 sunt.
285 1572 467 1610 Clientem
518 1574 735 1610 libertinum
778 1574 963 1622 parietem
1008 1574 1046 1609 in
1087 1574 1207 1611 Sacra
1244 1573 1309 1609 via
1347 1573 1533 1608 adversus

114 1643 217 1678 oedes
260 1643 432 1690 publicas
471 1644 645 1680 demoliri
682 1644 891 1687 iusserant,
938 1644 1041 1691 quod
1085 1643 1239 1691 publico
1284 1642 1534 1678 inaedificatus

118 1719 230 1750 esset.
294 1713 493 1761 Appellati
542 1726 564 1749 a
602 1713 754 1762 privato
797 1713 948 1750 tribuni.
1025 1712 1121 1750 Cum
1167 1719 1304 1761 praeter
1347 1711 1532 1749 Rutilium

118 1794 229 1818 nemo
266 1782 538 1827 intercederet,
583 1795 759 1820 censores
805 1784 853 1819 ad
899 1783 1061 1832 pignera
1102 1783 1289 1831 capienda
1336 1781 1533 1826 miserunt,

118 1851 354 1900 multamque
395 1865 464 1900 pro
505 1853 681 1889 contione
712 1853 864 1901 privato
893 1853 1086 1890 dixerunt.
1153 1852 1257 1889 Hinc
1291 1851 1533 1888 contentione

119 1927 227 1965 orta,
266 1934 351 1957 cum
382 1929 530 1958 veteres
560 1923 753 1971 publicani
784 1935 824 1958 se
855 1923 904 1958 ad
934 1922 1127 1958 tribunum
1157 1921 1426 1965 contulissent,
1470 1932 1533 1955 ro-

115 1991 222 2039 gatio
270 1997 426 2039 repente
471 1993 540 2027 snb
589 1992 698 2028 unius
740 1992 879 2029 tribuni
921 1992 1075 2028 nomine
1115 1991 1400 2040 promulgatur,
1451 2002 1536 2038 quae
1568 1993 1587 2026 7

118 2061 271 2107 publica
312 2060 516 2109 vectigalia
557 2068 621 2098 aut
657 2062 756 2098 ultro
800 2061 943 2098 tributa
977 2061 1019 2098 C.
1051 2061 1235 2098 Claudius
1268 2067 1305 2097 et
1331 2061 1393 2099 Ti.
1425 2060 1534 2098 Sem-

119 2222 152 2261 6,
182 2227 200 2253 2
226 2223 447 2265 lectuseptem
484 2229 645 2254 ensenatu
680 2224 778 2255 electi
835 2223 866 2260 7,
899 2227 911 2255 1
942 2223 975 2254 in
1002 2233 1138 2254 censum
1190 2226 1208 2253 2
1229 2222 1409 2262 quicquam
1437 2222 1536 2253 multi

121 2283 140 2310 3
165 2280 199 2310 in
224 2281 433 2321 prouinciam
461 2281 629 2320 cogebant
671 2280 802 2323 Kreyss.
828 2281 832 2321 ὶ
855 2281 1016 2321 stipendis
1058 2279 1147 2311 Creo.
1183 2279 1319 2311 malebat
1357 2280 1535 2321 stipendiis

120 2338 271 2368 nondum
310 2339 456 2369 emeritis
495 2339 686 2370 missorum.
759 2339 800 2375 8,
845 2342 863 2369 3
902 2344 924 2369 t.
961 2338 1130 2379 semproni
1172 2338 1359 2368 censoriam
1433 2336 1532 2374 XVI,

119 2393 160 2432 2,
197 2398 216 2425 3
255 2395 489 2436 quiquesuluio
555 2400 574 2426 4
612 2396 850 2427 conduxissem
913 2395 956 2433 3,
998 2399 1011 2426 l
1053 2396 1233 2435 quaerendo
1307 2399 1325 2425 2
1362 2395 1535 2434 nequisset

120 2466 141 2493 3
177 2450 217 2494 tr.
245 2464 290 2504 pl.
329 2465 462 2495 utilium
497 2463 606 2506 Siyon.
647 2464 768 2507 (Gt-yn.
798 2470 836 2496 tr.
864 2465 909 2505 pl.
937 2463 1116 2503 Rutilium)
1189 2468 1207 2494 4
1235 2463 1486 2494 contentionem
1528 2460 1532 2501 Ι

125 2518 224 2561 Gryn.
259 2521 351 2551 nacti
415 2521 454 2559 4,
493 2525 506 2552 l
537 2521 616 2554 Non
647 2522 713 2552 sine
746 2533 845 2553 causa
885 2521 983 2553 Gron.
1024 2521 1189 2552 Clientem
1224 2521 1295 2552 eius
1331 2520 1390 2551 lib.
1454 2519 1487 2557 5,
1518 2523 1531 2550 l

121 2578 373 2616 praeterutilium
415 2582 434 2609 2
467 2578 565 2621 Gryn.
592 2580 734 2620 pignora
782 2579 816 2616 6,
845 2582 858 2610 l
887 2579 942 2610 hic
993 2583 1011 2610 3
1035 2579 1270 2620 promulgatus
1321 2577 1353 2615 7,
1381 2581 1400 2607 2
1428 2578 1536 2608 uecti-

116 2633 301 2673 galiaultro
335 2633 498 2667 Walchius
520 2637 525 2676 Ι
547 2641 580 2667 et
606 2641 628 2668 t.

1595 866 1644 910 16
