1753 2934
321 147 340 179 ,ι
865 137 1070 178 Fragmenta

357 277 398 303 20
408 270 436 312 ⁴‘)
463 271 510 311 (E
534 269 641 302 codice
657 271 804 312 rescripto
829 270 984 302 Vaticano
1011 275 1083 311 post
1096 267 1267 300 Brunsium
1287 273 1314 298 ee
1328 266 1522 298 Iuvenalium
1543 264 1667 308 [1773]

263 334 426 375 exscripsit
452 331 648 365 Niebuhrius
680 331 838 373 ediditque
869 344 935 363 cum
973 330 1130 363 Ciceronis
1166 330 1339 361 orationum
1382 339 1440 369 pro
1474 327 1606 359 Fonteio
1641 332 1670 357 et

263 407 320 437 pro
345 395 479 426 Rabirio
495 393 690 435 „ti-aymente's
715 393 825 425 Romoe
853 393 974 434 1820.)
1019 393 1133 430 ⁶Nocte
1170 402 1295 428 tamen
1334 390 1544 439 insequenti
1584 390 1668 439 ipso

263 465 513 514 pervigilante
559 465 596 500 in
641 464 772 500 eodem
818 464 901 501 loco
946 465 1022 501 alia
1066 464 1232 501 excitata
1275 462 1388 498 turris
1431 461 1555 509 prima,
1587 460 1669 496 luce

264 536 447 572 miraculo
479 535 654 571 hostibus
686 533 767 569 fuit.
833 534 954 571 Simul
984 542 1020 570 et
1051 533 1181 582 oppidi
1203 532 1328 575 turris,
1360 543 1443 579 quae
1461 531 1668 567 maximum

264 606 592 654 propugnaculum
626 604 770 645 fuerat,
802 604 968 639 subrutis
1002 602 1277 639 fundamentis.
1314 601 1505 637 dehiscere
1538 601 1668 649 ingen-

263 676 362 712 tibus
395 676 512 720 rimis,
553 682 586 711 et
611 682 649 710 tu
655 702 1016 712 ..................
1049 686 1071 709 0
1077 700 1169 708 .....
1186 685 1247 708 um
1271 672 1348 719 igni
1379 671 1511 719 eoepit3
1542 671 1668 707 incen-

262 746 389 794 diique
435 746 546 782 simul
590 752 624 782 et
669 745 786 781 ruinae
831 751 930 779 metu
979 743 1097 779 territi
1139 742 1431 780 Contrebienses
1473 741 1520 777 de
1561 753 1666 777 muro

262 817 397 866 trepidi
441 815 682 865 refugerunt,
733 822 788 859 etq
838 821 875 850 ut
918 814 1032 861 legati
1078 814 1314 850 mitterentur
1358 813 1405 848 ad
1456 812 1665 848 dedendam

262 888 406 931 urbem,
438 888 485 923 ab
516 887 694 923 universa
727 885 963 921 multitudine
995 885 1271 921 conclamatum
1302 890 1368 920 est.
1418 883 1562 920 Eadem
1593 882 1667 919 vir-

261 965 334 1001 tus,
377 970 452 1005 qua
483 957 660 993 inritante
691 965 1001 1004 oppugnaverat,
1039 955 1219 991 victorem
1253 954 1537 1004 placabiliorem
1568 952 1668 990 fecit.

262 1028 470 1065 Obsidibus
502 1027 667 1074 acceptis
697 1027 866 1074 pecuniae
891 1026 1077 1062 modicam
1099 1025 1222 1074 exegit
1254 1037 1454 1067 summam,
1485 1036 1668 1072 armaque

262 1099 391 1135 omnia
422 1098 585 1134 ademit:
628 1098 847 1144 transfugas
884 1097 1023 1132 liberos
1067 1097 1175 1132 vivos
1216 1096 1263 1131 ad
1303 1108 1343 1131 se
1377 1095 1513 1131 adduci
1543 1095 1667 1139 iussin

262 1170 464 1218 fugitivos,
511 1180 671 1216 quorum
715 1168 838 1203 maior
869 1167 1068 1203 multitudo
1101 1174 1200 1209 eran
1241 1167 1332 1215 ipsis
1362 1166 1583 1214 imperavit.
1627 1171 1666 1201 ut

263 1241 531 1282 intel-fieerent;
563 1238 753 1285 iugulatos
785 1238 831 1273 de
862 1251 968 1274 muro
1001 1238 1226 1274 deiecerunt.

372 1310 468 1347 Cum
515 1321 654 1357 magna
704 1309 852 1344 iactura
897 1307 1054 1343 militum
1099 1313 1280 1355 quattuor
1334 1315 1369 1342 et
1415 1306 1669 1354 quadraginta

260 1381 394 1417 diebus
427 1379 636 1416 Contrebia
686 1386 924 1427 expugnata,
974 1378 1182 1426 relictoque
1226 1378 1277 1414 ibi
1318 1378 1360 1414 L.
1401 1377 1543 1413 Insteio
1589 1389 1668 1413 Cum

261 1453 382 1488 valido
407 1451 593 1499 proesidio,
625 1450 705 1498 ipse
737 1450 785 1485 ad
814 1450 997 1486 Hiberum
1027 1449 1185 1485 fluvium
1218 1449 1348 1496 copias
1381 1448 1549 1484 adduxit.
1607 1447 1665 1484 Ibi

262 1521 518 1558 hibernaculis
555 1520 762 1557 seeundum
805 1520 1004 1568 oppidum.
1049 1520 1149 1567 quod
1181 1518 1320 1555 Castra
1348 1518 1456 1556 AElia
1496 1525 1667 1562 vocatur,

262 1593 472 1636 aedifieatis,
497 1592 577 1639 ipse
598 1592 634 1627 in
657 1591 791 1627 eastris
812 1591 1010 1635 manebat3
1041 1589 1202 1626 interdiu
1220 1595 1444 1625 conventum
1477 1589 1666 1625 sociarum

262 1663 472 1700 eivitatium
520 1663 556 1698 in
607 1663 747 1711 oppido
795 1662 944 1710 agebat.
1010 1662 1131 1697 Arma
1175 1665 1213 1695 ut
1259 1660 1389 1695 fierent
1433 1672 1502 1708 pro
1547 1659 1666 1707 copiis

261 1733 443 1781 cuiusque
474 1733 617 1782 populi,
662 1746 728 1781 per
771 1739 888 1768 totam
935 1730 1170 1779 provinciam
1209 1730 1398 1773 edixerat;
1443 1729 1579 1777 quibus
1610 1724 1674 1765 iri-⁷

261 1803 400 1852 speetis
441 1803 581 1839 referre
612 1809 741 1838 vetera
772 1816 880 1839 arma
924 1801 1058 1837 milites
1090 1791 1217 1839 iussit.
1264 1813 1346 1848 quae
1377 1807 1440 1836 aut
1471 1799 1665 1843 itineribus

261 1874 403 1912 crebris
435 1882 500 1910 aut
539 1875 868 1922 oppugsncttionilms
905 1879 935 1908 et
965 1873 1105 1920 prediis·
1135 1872 1272 1907 inutilia
1304 1870 1407 1907 facta
1437 1876 1564 1913 erant,
1598 1882 1664 1906 no-

260 1958 386 1993 vaque
427 1945 470 1980 iis
513 1957 580 1992 per
622 1943 858 1979 centuriones
900 1943 1038 1979 divisit.
1106 1942 1327 1990 Equitatum
1368 1952 1519 1989 quoque
1556 1941 1665 1976 novis

260 2015 439 2051 instruxit
469 2016 597 2057 armis,
628 2015 949 2061 vestimentaque,
993 2019 1210 2061 praeparata.
1240 2019 1338 2054 ante,
1382 2011 1504 2047 divisa
1534 2017 1570 2046 et
1600 2010 1664 2046 sti-

261 2086 437 2134 pendium
465 2086 606 2121 datum.
672 2086 835 2121 Fabros.
867 2097 958 2121 cura
987 2084 1233 2131 conquisitos.
1263 2083 1429 2130 undique
1459 2081 1665 2119 exciverat,

261 2157 411 2204 quibus.
446 2154 597 2191 officina
631 2154 783 2202 publiea
817 2154 996 2191 instituta.
1037 2160 1212 2191 uteretur.
1243 2153 1390 2189 ratione
1421 2152 1532 2195 inita,
1575 2151 1663 2198 quid

260 2226 296 2261 in
329 2225 497 2273 singulos
520 2225 598 2261 dies
630 2224 726 2260 effici
758 2232 898 2273 posset.
964 2226 1100 2273 Itaque
1127 2224 1254 2259 onmia
1280 2222 1390 2259 simul
1417 2223 1664 2258 instrumenta

261 2296 348 2333 belli
380 2297 633 2345 parabantur;
680 2308 802 2343 neque
843 2296 1002 2332 materia
1039 2295 1267 2338 artificibus,
1312 2292 1534 2342 praeparatis
1577 2298 1664 2327 ante

262 2367 435 2403 omnibus
466 2367 575 2402 enixo
607 2366 814 2402 eivitatium
845 2366 982 2410 studio,
1016 2379 1084 2402 nee
1111 2378 1178 2402 suo
1202 2365 1363 2412 quisque
1390 2362 1495 2411 operi
1526 2360 1663 2398 artifex

261 2437 402 2473 deerat.
460 2437 692 2474 Convocatis
723 2437 857 2473 deinde
888 2437 1053 2472 omnium
1086 2435 1313 2484 populorum
1344 2433 1595 2482 legationibus
1627 2438 1664 2469 et

261 2507 484 2549 eivitatium,
515 2507 659 2555 gratias
687 2506 773 2553 egit.
805 2506 918 2554 quod,
950 2519 1033 2553 quae
1055 2507 1238 2553 imperata
1264 2510 1388 2540 essent
1410 2503 1446 2538 in
1468 2503 1663 2551 pedestres

262 2577 396 2624 copias,
426 2577 697 2624 proestitz‘ssent3
740 2589 834 2624 quas
866 2578 945 2625 ipse
975 2589 1035 2613 res
1066 2578 1100 2612 in
1135 2575 1366 2623 defendendis
1395 2575 1509 2611 sociis,
1548 2585 1660 2620 quas-

263 2659 335 2694 que
369 2646 404 2682 in
437 2648 702 2694 oppugnandis
734 2648 889 2683 urbibus
919 2647 1082 2683 hostium
1114 2647 1303 2695 gessisset,
1334 2643 1521 2692 exposuit,
1553 2643 1659 2679 etad

1732 2680 1743 2731 'a'

1738 2731 1743 2750 ,Ι
