1753 2934
649 142 722 174 Lib.
749 139 989 174 xc-XCVL
1417 142 1466 178 63

117 280 300 316 piratarum
327 273 544 316 expugnavit.
599 272 814 308 Nicomedes.
848 272 1016 312 Bithyniae,
1040 281 1111 308 rex,
1148 270 1308 312 populum
1335 271 1523 302 Romanum

119 336 198 367 fecit
236 336 403 375 heredem,
442 343 648 375 regnumque
683 335 754 365 eius
790 334 822 364 in
860 332 1041 375 provineiae
1075 332 1216 363 sormam
1253 333 1424 364 redactum
1463 338 1522 363 est.

118 397 342 435 Mithridates,
378 395 503 427 foedere
529 405 602 425 cum
630 394 778 427 Sertorio
805 396 882 432 icto,
915 395 1038 426 bellum
1066 393 1192 435 populo
1220 394 1374 424 Romano
1401 393 1522 424 intulit.

117 459 313 498 Apparatus
347 457 423 487 dein
455 457 621 496 regiarum
651 457 821 498 copiarum
848 456 1048 497 pedestrium
1087 455 1325 495 navaliumque
1362 461 1394 484 et
1424 463 1525 485 occu-

116 526 194 560 pata
212 519 373 559 Bithynia
396 519 530 560 rffferlur
555 524 584 549 et
616 517 661 548 M.
692 518 848 548 Aurelius
875 516 974 548 Cotta
1003 527 1069 548 cos.
1097 517 1139 547 ad
1166 515 1381 547 Calchedona
1406 514 1525 555 proelio

117 590 136 611 a
163 589 242 619 rege
268 581 384 617 victus,
419 589 540 620 resque
566 589 585 609 a
609 578 771 619 Pompeio
798 586 829 609 et
854 578 994 609 Metello
1023 578 1183 608 adversus
1211 577 1394 609 Sertorium
1419 581 1524 617 qestoe,

117 642 238 683 quibus
264 642 419 673 omnibus
444 640 522 671 belli
550 639 743 680 militiaeque
770 640 898 671 artibus
925 649 984 680 par
1015 638 1096 678 suit,
1136 644 1169 669 ut
1195 648 1278 678 quos
1305 644 1337 668 et
1363 637 1405 668 ab
1436 637 1524 668 obsi-

117 703 216 734 dione
258 702 436 742 Calaguris
484 702 595 742 oppidi
638 701 796 742 depulsos
837 700 984 741 coegerit
1017 701 1163 732 diversus
1206 701 1358 740 regiones
1399 706 1524 740 petere,

115 765 295 796 Metellum
321 763 512 794 ulteriorem
539 763 750 803 Hispaniam,
780 751 978 803 Pompeium
1007 762 1162 794 Galliam.

652 907 715 937 Ex
742 906 828 938 LIB.
857 905 982 937 XCIV.

205 983 244 1014 L.
272 983 422 1014 Licinius
447 984 609 1014 Lucullus
636 993 702 1014 eos.
730 984 888 1014 adversus
915 982 1135 1013 Mithridaten
1161 983 1372 1021 equestribus
1397 984 1524 1024 proeliis

114 1044 257 1076 feliciter
280 1045 443 1085 pugnavit
476 1051 508 1076 et
537 1045 667 1084 aliquot
692 1045 920 1085 expeditiones
956 1053 1133 1084 prosperas
1166 1042 1245 1074 fecit
1278 1051 1523 1084 poscentesque

115 1115 264 1147 pugnam
286 1106 408 1137 milites
427 1117 446 1137 a
465 1107 626 1138 seditione
648 1105 803 1136 inhibuit.
855 1105 1047 1141 Deiotarus,
1078 1105 1310 1145 Gallograeciae
1329 1106 1523 1138 tetrarches.

114 1166 288 1206 praefectos
315 1166 519 1198 Mithridatis
556 1167 681 1198 bellum
718 1167 751 1197 in
776 1166 926 1207 Phrygia
961 1173 1132 1198 moventes
1167 1168 1295 1198 cecidit.
1358 1167 1524 1198 Praeterea

114 1236 164 1258 res
203 1238 220 1258 a
252 1226 314 1258 Cn.
343 1223 516 1270 ⁴Pompeio
557 1230 590 1259 in
629 1228 792 1268 Hispania
836 1235 951 1258 eontra
991 1227 1173 1260 Sertorium
1215 1238 1372 1269 prospere
1410 1235 1524 1266 gestas

113 1289 275 1320 continet.

661 1395 725 1427 EX
751 1396 838 1427 LIB.
865 1394 974 1426 XCV.

213 1469 250 1501 C.
283 1470 382 1501 Curio
409 1480 540 1511 procos.
567 1471 747 1502 Dardanos
772 1473 804 1502 in
832 1473 978 1503 Thracia
1005 1473 1144 1503 domuit.
1195 1471 1362 1510 Quattuor
1391 1478 1424 1502 et
1449 1481 1524 1513 sep-

116 1532 270 1572 tuaginta
294 1532 499 1572 gladiatores
530 1531 653 1574 Capuae
678 1543 720 1564 ex
741 1534 821 1565 ludo
848 1534 981 1564 Lentuli
1008 1533 1229 1574 profugerunt
1249 1540 1291 1571 et,
1321 1540 1525 1574 congregata

116 1594 328 1625 servitiorum
369 1594 683 1635 ergastulorumque
722 1596 944 1631 multitudine.
985 1594 1089 1627 Crixo
1125 1603 1158 1627 et
1184 1596 1347 1637 Spartaco
1384 1596 1523 1626 ducibus

116 1654 205 1686 bello
231 1654 379 1685 excitato
406 1653 585 1686 Claudium
615 1655 796 1686 Pulchrum
834 1656 983 1695 legatum
1017 1664 1050 1688 et
1074 1658 1113 1690 P.
1138 1658 1314 1688 Varenum
1347 1663 1522 1697 praetorem

114 1715 233 1756 proelio
266 1716 426 1746 vicerunt.
487 1717 525 1747 L.
561 1717 723 1748 Lucullus
756 1726 887 1758 procos.
924 1719 966 1748 ad
995 1717 1154 1760 Cyzicum
1188 1720 1302 1750 urbem
1339 1719 1522 1749 exercitum

113 1776 320 1808 Mithridatis
357 1775 446 1808 fame
486 1776 640 1819 ferroque
673 1778 814 1815 delevit,
855 1779 1058 1821 pulsumque
1086 1780 1246 1820 Bithynia
1278 1789 1391 1818 regem
1425 1780 1523 1810 variis

113 1837 193 1869 belli
220 1847 258 1869 ac
284 1837 535 1878 naufragiorum
563 1839 697 1870 casibus
724 1830 866 1870 fractum
895 1841 1006 1880 coegit
1031 1841 1066 1871 in
1090 1840 1238 1872 Pontum
1265 1841 1454 1883 profugere.

647 1968 711 1999 EX
736 1969 823 2000 LIB.
851 1968 914 2000 XC
922 1970 980 2001 VI.

209 2042 248 2082 Q.
275 2044 396 2077 Arrius
422 2051 546 2086 praetor
570 2043 708 2076 Crixum
745 2045 959 2085 fugitivorum
987 2047 1105 2077 ducem
1144 2056 1218 2078 eum
1242 2036 1325 2078 {KX‘
1345 2047 1520 2078 hominum

112 2107 240 2138 cecidit.
295 2106 356 2138 Cn.
384 2107 549 2138 Lentulus
577 2118 644 2138 cos.
684 2107 770 2138 male
806 2108 966 2139 adversus
1004 2107 1204 2148 Spartacum
1233 2109 1406 2150 pugnavit.
1466 2109 1519 2140 Ab

112 2168 230 2200 eodem
255 2168 294 2200 L.
324 2168 453 2200 Gellius
489 2178 557 2200 cos.
587 2174 618 2199 et
644 2168 684 2207 Q.
718 2169 834 2199 Arrius
868 2175 992 2209 praetor
1017 2170 1088 2200 acie
1114 2170 1191 2201 victi
1218 2175 1305 2201 sunt.
1351 2169 1519 2201 Sertorius

111 2239 131 2261 a
154 2229 201 2261 M.
235 2229 405 2271 Perperna
441 2236 473 2261 et
504 2229 551 2261 M.
581 2231 732 2261 Antonio
769 2237 801 2261 ct
832 2231 906 2261 aliis
941 2231 1122 2262 coniuratis
1165 2232 1197 2262 in
1231 2232 1382 2263 convivio
1415 2232 1521 2263 inter·

108 2290 218 2323 fectus
252 2297 301 2323 est
334 2297 452 2323 octavo
488 2293 629 2323 ducatus
662 2293 712 2323 sui
740 2302 845 2327 annm
887 2302 1029 2332 magnus
1067 2293 1136 2323 dux
1173 2301 1203 2324 et
1241 2294 1397 2326 adversus
1434 2294 1519 2325 duos

109 2352 328 2393 imperatores
353 2353 553 2394 Pompeium
590 2360 621 2384 et
652 2354 828 2385 Metellum
864 2354 919 2385 vel
955 2354 1163 2395 frequentius
1198 2356 1320 2391 victor,
1362 2357 1405 2386 ad
1439 2355 1517 2386 ulti-

109 2422 200 2444 mum
236 2419 269 2444 et
305 2423 412 2445 saevus
450 2420 482 2445 et
517 2415 689 2455 prodigus.
751 2415 935 2456 Imperium
977 2417 1120 2457 partium
1159 2417 1199 2448 ad
1238 2417 1286 2448 M.
1311 2417 1516 2458 Perpernam

109 2475 319 2515 translatum,
346 2485 444 2517 quem
460 2475 522 2508 Cn.
541 2476 724 2517 Pompeius
746 2478 871 2508 victum
899 2485 1100 2519 captumque
1125 2478 1302 2516 interfecit,
1329 2489 1367 2510 ac
1393 2479 1519 2520 recepit

108 2535 290 2576 Hispanias
317 2537 446 2568 decimo
477 2537 546 2568 fere
580 2548 686 2575 anno,
726 2548 826 2578 quam
861 2546 1005 2580 coeptum
1041 2547 1093 2571 est
1117 2541 1255 2573 bellum.
1311 2539 1348 2572 C.
1380 2540 1516 2571 Cassius

106 2606 239 2637 procos.
268 2604 300 2628 et
326 2597 388 2630 Cn.
416 2599 565 2630 Manlius
591 2606 714 2641 praetor
743 2601 830 2632 male
857 2602 1017 2633 adversus
1045 2601 1243 2643 Spartacum
1270 2607 1514 2643 pugnaverunt.

106 2658 207 2698 idque
231 2659 355 2690 bellum
382 2661 429 2692 M.
458 2659 579 2693 Crasso
606 2663 738 2702 proetori
764 2663 961 2694 mandatum
990 2669 1049 2695 est.
