1742 2902
175 994 220 1028 10

174 1134 216 1167 tl

173 1411 218 1445 12

173 1619 218 1653 13

175 1828 219 1861 14

315 118 358 150 74
656 113 759 142 Liber
785 111 894 142 XLII.
947 112 999 152 (A
1037 122 1067 142 u.
1096 121 1122 142 c.
1152 112 1249 152 583.)

256 235 486 282 Hispaniam
516 245 598 269 sum
630 233 837 281 profectus.
920 234 1123 271 Neminem
1165 236 1332 272 omnium
1379 235 1668 282 imperatorum,

257 304 321 350 qui
350 304 495 346 vivant,
537 303 722 339 acriorem
768 303 918 339 virtutis
961 311 1216 352 spectatorem
1264 316 1309 341 ac
1347 304 1509 340 iudicem
1550 303 1668 340 fuisse

255 372 400 415 sciunt,
433 372 497 418 qui
529 378 565 407 et
595 371 700 407 illuni
731 378 768 407 et
798 372 894 408 alios
925 373 1040 410 duces
1070 374 1185 422 longa
1216 374 1350 410 militia
1392 373 1539 420 experti
1568 379 1668 409 sunt.

254 441 329 477 Hic
373 453 433 476 me
475 441 686 489 imperator
724 442 878 490 dignum
916 442 1121 486 iudicavit,
1165 444 1225 479 cui
1264 443 1428 491 primum
1473 443 1666 479 hastatum

254 509 392 557 prioris
418 510 597 546 centuriae
631 511 862 559 adsignaret.
942 513 1077 549 Tertio
1122 513 1258 549 iterum
1290 511 1529 548 voluntarius
1560 511 1667 548 miles

253 578 378 615 factus
406 591 489 616 sum
520 579 558 615 in
589 592 673 615 eum
706 580 928 625 exercitum,
962 582 1026 629 qui
1057 582 1241 618 adversus
1271 581 1428 618 AEtolos
1458 587 1496 617 et
1524 581 1668 618 Antio-

254 649 367 684 chum
397 661 526 697 regem
559 655 616 685 est
647 649 795 685 missus.
862 651 901 686 A
922 650 988 687 M'.
1019 650 1147 686 Acilio
1186 650 1278 686 mihi
1309 650 1454 698 primus
1490 650 1667 698 princeps

254 718 393 765 prioris
423 718 599 754 centuriae
629 724 686 754 est
716 718 952 767 adsignatus.
1016 719 1191 767 Expulso
1221 732 1311 768 rege
1341 720 1550 757 Antiocho.
1580 720 1668 756 sub-

254 786 348 822 actis
371 786 529 831 AEtoliS‚
563 788 750 835 reportati
779 800 911 824 sumus
941 789 978 824 in
1009 788 1186 833 Italiam3
1217 795 1253 825 et
1274 789 1452 838 deinceps
1483 789 1552 833 δίε,
1585 801 1668 836 quae

253 868 381 891 annua
412 857 609 893 merebant
638 857 829 905 legiones,
872 858 1063 906 stipendia
1098 857 1184 895 feci.
1265 857 1332 893 Bis
1363 857 1499 894 deinde
1528 858 1565 894 in
1597 858 1668 894 Hi-

253 925 390 973 spania
420 926 593 969 militavi,
623 927 740 962 semel
771 926 818 972 Q.
849 927 988 963 Fulvio
1022 927 1175 971 Flacco,
1205 927 1340 962 iterum
1359 927 1422 964 Ti.
1438 926 1667 975 Sempronio

253 994 434 1031 Graccho
464 1001 639 1043 praetore.
703 996 902 1032 AFlacco
931 996 1029 1032 inter
1059 1003 1218 1038 ceteros,
1245 1008 1342 1043 quos
1371 996 1522 1032 virtutis
1551 1008 1669 1033 causa

253 1075 380 1100 secum
413 1077 460 1100 ex
491 1065 691 1113 provincia
723 1065 771 1100 ad
803 1065 1037 1112 triumphum
1069 1066 1302 1109 deducebat,
1348 1065 1532 1102 deductus
1572 1077 1667 1102 sum.

254 1135 290 1170 A
321 1134 383 1172 Ti.
416 1133 597 1171 Graccho
628 1140 786 1182 rogatus
821 1135 857 1170 in
889 1135 1126 1183 provinciam
1158 1135 1196 1171 ii.
1265 1134 1412 1181 Quater
1440 1135 1541 1170 intra
1570 1147 1668 1182 pau-

253 1215 316 1239 cos
348 1215 468 1239 annos
498 1204 663 1251 primum
692 1203 811 1251 pilum
841 1205 953 1247 duxi;
985 1211 1120 1252 quater
1151 1211 1188 1240 et
1214 1203 1340 1240 tricies
1369 1204 1520 1240 virtutis
1551 1215 1668 1240 causa

252 1271 416 1306 donatus
461 1272 510 1307 ab
540 1272 837 1320 imperatoribus
868 1286 970 1317 sum;
1014 1286 1082 1310 sex
1129 1273 1270 1309 civicas
1315 1285 1478 1309 coronas
1526 1273 1668 1321 accepi.

254 1340 400 1388 Viginti
431 1341 507 1377 duo
541 1342 731 1389 stipendia
780 1355 909 1378 annua
953 1343 990 1378 in
1038 1343 1207 1378 exercitu
1255 1343 1413 1378 emerita
1463 1343 1588 1378 habeo
1632 1348 1666 1376 et

252 1409 375 1445 maior
405 1410 514 1446 annis
545 1422 628 1446 sum
665 1411 955 1459 quinquaginta.
1039 1411 1152 1458 Quod
1183 1412 1214 1447 si
1255 1412 1346 1447 mihi
1376 1423 1446 1448 nec
1478 1411 1668 1459 stipendia

251 1479 381 1514 omnia
411 1480 570 1515 emerita
601 1486 727 1516 essent
752 1482 913 1517 necdum
944 1488 1037 1517 aetas
1068 1481 1311 1518 vacationem
1352 1481 1485 1523 daret,
1527 1486 1668 1519 tamen.

251 1560 335 1583 cum
368 1555 549 1595 quattuor
579 1549 716 1585 milites
747 1562 816 1598 pro
847 1563 907 1586 me
939 1563 1013 1587 uno
1043 1551 1154 1587 vobis
1186 1552 1300 1593 dare,
1330 1552 1375 1588 P.
1408 1550 1549 1588 Licini.
1580 1562 1669 1598 pos-

251 1630 353 1662 sem,
397 1630 515 1654 aecum
548 1624 630 1653 crat
666 1630 726 1653 me
757 1618 906 1655 dimitti.
981 1619 1056 1656 Sed
1090 1621 1170 1656 haec
1200 1633 1270 1668 pro
1302 1632 1418 1657 causa
1449 1633 1535 1656 mea
1566 1612 1669 1656 dicta

252 1687 448 1735 accipiatis
496 1687 630 1730 velim-3
676 1687 757 1734 ipse
804 1701 876 1729 me,
923 1690 1051 1736 quoad
1098 1691 1322 1738 quisquam.
1373 1691 1437 1737 qui
1480 1690 1668 1726 exercitus

252 1756 394 1797 scribit,
425 1756 604 1792 idoneum
637 1757 792 1793 militem
824 1758 1020 1797 iudicabit.
1051 1773 1259 1807 numquam
1292 1772 1375 1796 sum
1404 1765 1667 1796 excusaturus.

254 1825 399 1861 Ordine
431 1838 507 1873 quo
539 1838 599 1861 me
628 1826 783 1874 dignum
814 1828 981 1864 iudicent
1011 1830 1150 1866 tribuni
1185 1830 1367 1872 militum,
1402 1829 1571 1877 ipsorum
1612 1834 1669 1864 est

251 1894 469 1943 potestatis;
512 1907 559 1930 nc
586 1895 670 1943 quis
703 1909 763 1932 me
792 1897 931 1933 virtute
962 1898 1000 1933 in
1030 1899 1198 1935 exercitu
1230 1904 1408 1947 praestet,
1443 1898 1544 1933 dabo
1575 1909 1669 1945 ope-

252 1977 353 2008 ram;
384 1971 421 2000 et
452 1976 603 2013 semper
632 1966 686 2001 ita
716 1965 853 2003 fecisse
883 1979 943 2003 me
974 1973 1011 2003 et
1038 1967 1291 2015 imperatores
1314 1967 1387 2004 mei
1417 1973 1466 2011 et,
1498 1967 1561 2014 qui
1593 1979 1669 2002 una

253 2034 443 2081 stipendia
473 2033 656 2079 fecerunt,
687 2041 802 2071 testes
833 2042 931 2071 sunt.
980 2037 1063 2072 Vos
1094 2049 1247 2084 quoque
1278 2048 1397 2072 aecum
1442 2042 1520 2081 est,
1564 2049 1668 2073 com-

252 2187 271 2196 ,-

258 2199 284 2219 ι.
312 2192 330 2218 2
357 2189 495 2220 acrioris
545 2193 562 2220 5
591 2189 771 2230 adsignare
820 2190 852 2227 8,
884 2194 895 2220 l
927 2190 1150 2221 uolumtarius
1179 2195 1196 2221 2
1214 2189 1341 2221 sactum
1361 2189 1666 2224 sumlanthiocum

252 2249 270 2275 3
299 2255 318 2275 a
345 2256 386 2276 m.
416 2246 510 2276 caelio
539 2245 649 2287 δι’-(μω.
707 2246 739 2283 9,
769 2250 781 2277 1
812 2247 972 2277 anthioco
997 2247 1182 2278 subactolis
1208 2248 1315 2278 aetolis
1373 2250 1392 2277 2
1419 2247 1515 2277 italia
1551 2245 1667 2276 Viden-

253 2301 324 2331 dum
341 2313 377 2332 ne
401 2303 498 2333 scribi
522 2303 649 2334 debeat:
676 2303 728 2334 bis
743 2303 775 2333 in
791 2304 842 2341 iis,
859 2313 933 2344 quae
947 2314 1068 2334 annuae
1083 2305 1256 2335 merebant
1283 2308 1302 2335 4
1326 2303 1424 2345 Gryn.
1449 2303 1486 2334 T.
1509 2303 1668 2343 Sempro-

253 2359 328 2389 nius
378 2359 466 2395 10‚2
484 2369 526 2389 ex
541 2361 746 2401 triumphum
788 2360 842 2397 11,
873 2364 885 2391 1
917 2371 935 2391 a
962 2362 1022 2392 tito
1049 2371 1171 2401 gracco
1197 2361 1294 2392 Frob.
1321 2360 1369 2392 II.
1394 2361 1399 2401 1
1421 2360 1598 2401 prouincia
1649 2364 1666 2389 2

253 2422 371 2454 quater
395 2421 428 2446 ct
453 2416 532 2447 tries
590 2422 608 2447 4
637 2418 841 2449 emeritabeo
899 2417 954 2455 12,
986 2422 998 2448 1
1036 2427 1077 2448 ne
1111 2420 1279 2460 stipendia
1328 2422 1346 2449 2
1381 2418 1596 2448 uocationem
1647 2421 1666 2448 3

252 2482 312 2512 pro
338 2482 412 2503 meo
446 2473 542 2504 uobis
576 2475 669 2504 daret
692 2476 696 2512 1
718 2484 850 2515 possem
915 2480 934 2505 4
967 2475 1107 2506 dimittis
1173 2476 1228 2512 13,
1256 2480 1273 2506 2
1303 2476 1393 2515 quod
1419 2475 1462 2505 ad
1489 2475 1665 2515 quisquam

252 2544 272 2570 3
299 2540 464 2571 iudicauit
497 2550 663 2581 nusquam
691 2551 786 2573 suum
846 2543 900 2580 14,
931 2547 943 2574 l
970 2542 1068 2584 Gryn.
1096 2543 1248 2574 ordinem
1272 2545 1277 2582 Ι
1298 2531 1470 2575 iudicaent
1491 2543 1495 2582 Ι
1517 2545 1666 2583 ipsorum

252 2603 285 2628 et
335 2601 353 2628 3
381 2602 417 2627 ut
442 2607 575 2639 semper
593 2598 690 2629 (ἰν-οη.
715 2600 720 2636 3
744 2599 937 2631 fecissemut
963 2602 1182 2641 imperatores

1726 2447 1733 2641 -uu——m
