1742 2902
479 127 580 158 Liber
605 127 712 158 XLII.
765 127 826 165 (A.
854 125 933 157 Chr.
966 127 1057 166 171.)
1368 131 1411 164 71

58 262 110 286 ex
140 254 294 285 senatus
328 248 502 284 consulto
535 249 584 285 ad
615 231 797 297 populum
830 249 1016 293 tulerunt,
1057 262 1104 285 ne
1143 248 1283 285 tribuni
1315 247 1474 284 militum

61 331 108 355 eo
139 329 239 353 anno
270 315 463 364 suffragiis
493 324 736 361 crearentur,
780 318 847 354 sed
890 319 1087 354 consulum
1126 324 1410 366 praetorumque
1438 317 1476 353 in

62 387 108 423 iis
137 386 320 423 faciendis
349 386 528 422 iudicium
574 387 851 435 arbitriumque
887 394 999 424 esset.
1064 389 1170 424 Inter
1210 393 1393 435 praetores
1423 387 1478 423 ita
1509 391 1531 424 6

61 456 205 504 partita
229 455 401 503 imperia.
466 456 699 501 Praetorem,
742 457 849 493 cuius
879 469 963 493 sors
994 456 1149 501 fuisset,
1194 463 1235 492 ut
1264 457 1355 500 iret,
1400 468 1476 504 quo

59 530 217 561 senatus
247 525 474 568 censuisset,
516 525 762 562 Brundisium
795 525 844 561 ad
875 526 1035 563 classem
1066 527 1121 563 ire
1151 525 1318 575 placuit,
1349 525 1476 572 adque
1510 523 1528 556 7

60 593 115 629 ibi
144 605 418 641 recognoscere
455 594 581 631 socios
618 595 798 639 navales,
844 595 1108 643 dimissisque,
1156 595 1187 630 si
1237 595 1301 642 qui
1340 606 1476 642 parum

62 662 189 698 idonei
219 669 356 707 essent,
387 664 693 712 supplementum
724 664 852 712 legere
882 677 931 700 ex
960 664 1146 701 libertinis
1185 671 1221 700 et
1261 664 1353 700 dare
1384 676 1478 712 ope-

59 744 157 776 ram,
190 738 231 767 ut
261 732 346 768 duae
375 740 504 781 partes
537 733 675 770 civium
694 735 972 773 Romanorum,
1002 734 1117 770 tertia
1146 734 1338 769 sociorum
1367 738 1478 768 esset.

62 802 310 839 commeatus
340 801 453 837 classi
486 803 778 851 legionibusque
807 810 849 839 ut
879 816 926 840 ex
958 803 1090 840 Sicilia
1109 802 1360 849 Sardiniaque
1389 802 1478 837 sub·
1511 801 1534 836 8

62 871 302 913 veherentur,
334 872 575 918 praetoribus,
607 874 672 920 qui
695 884 758 908 eas
789 873 1008 920 provincias
1039 871 1163 908 sortiti
1192 878 1339 915 essent,
1369 883 1479 907 man-

62 940 145 976 dari
175 940 330 988 placuit,
362 947 402 976 ut
436 941 576 978 alteras
607 942 788 977 decumas
820 940 958 979 Siculis
989 940 1202 987 Sardisque
1232 940 1479 988 imperarent,

62 1009 166 1056 quod
210 1009 442 1046 frumentum
493 1011 541 1047 ad
589 1011 796 1047 exercitum
844 1011 882 1046 in
929 1009 1198 1046 Macedoniam
1246 1014 1478 1056 portaretur.

60 1078 231 1115 Siciliam
263 1078 307 1115 C.
345 1078 528 1115 Caninius
558 1080 718 1116 Rebilus
763 1086 819 1116 est
857 1080 1039 1122 sortium,
1087 1079 1134 1115 L.
1164 1079 1306 1115 Furius
1342 1077 1478 1114 Philus
1511 1078 1533 1112 9

59 1148 295 1191 Sardiniam,
327 1148 376 1183 L.
410 1147 602 1184 Canuleius
631 1150 873 1197 Hispaniam,
905 1147 949 1186 C.
983 1147 1175 1196 Sulpicius
1203 1147 1335 1184 Galba
1363 1148 1480 1183 urba·

61 1229 150 1253 nam
182 1216 502 1262 iurisdictionem,
548 1219 593 1256 L.
626 1219 765 1255 Villius
795 1219 961 1255 Annalis
1000 1218 1098 1254 inter
1125 1217 1361 1266 peregrinos.
1435 1215 1479 1253 C.

64 1286 244 1322 Lucretio
277 1286 407 1331 Gallo,
440 1300 515 1334 quo
547 1294 702 1324 senatus
734 1288 955 1332 censuisset,
986 1299 1070 1324 sors
1102 1287 1271 1325 obvenit.

174 1356 280 1392 Inter
309 1357 482 1393 consules
515 1357 637 1405 magis
669 1357 862 1394 cavillatio
894 1369 1008 1405 quam
1039 1367 1182 1404 magna
1212 1357 1404 1392 contentio
1436 1356 1482 1392 de
1541 1349 1594 1393 32

63 1425 264 1472 provincia
293 1425 376 1461 fuit.
443 1425 600 1463 Cassius
631 1427 712 1463 sine
752 1433 855 1463 sorte
888 1438 928 1462 se
958 1425 1228 1462 Macedoniam
1260 1432 1480 1474 optaturum

62 1494 228 1535 dicebat,
259 1508 329 1531 nec
359 1507 472 1543 posse
502 1497 703 1544 collegam,
735 1496 843 1532 salvo
872 1497 953 1532 iure
977 1495 1153 1539 iurando,
1183 1506 1311 1531 secum
1343 1494 1483 1530 sortiri.

65 1564 275 1600 Praetorem
308 1577 406 1609 eum,
437 1578 483 1601 ne
515 1565 553 1600 in
585 1565 822 1613 provinciam
857 1565 939 1608 iret,
965 1566 1004 1600 in
1035 1564 1213 1601 contione
1241 1564 1412 1607 iurasse,
1443 1575 1484 1599 se
1517 1563 1538 1597 2

64 1639 166 1669 stato
197 1634 282 1670 loco
311 1635 498 1682 statisque
528 1635 661 1671 diebus
692 1634 880 1670 sacrificia
913 1635 1077 1679 habere,
1124 1645 1208 1681 quae
1247 1634 1404 1669 absente
1444 1645 1485 1669 se

64 1709 168 1739 recte
197 1704 278 1739 fieri
309 1716 384 1740 non
416 1710 591 1752 possent3
641 1717 725 1752 quae
755 1716 830 1740 non
867 1703 991 1751 magis
1034 1703 1189 1739 consule
1228 1715 1343 1750 quam
1388 1714 1485 1750 prae-

66 1779 148 1809 tore
182 1774 339 1808 absente
367 1780 470 1809 recte
500 1774 580 1810 fieri
610 1786 736 1823 posse,
780 1774 852 1810 nisi
882 1779 1050 1817 senatus,
1081 1773 1173 1820 quid
1203 1772 1295 1807 velit
1324 1772 1362 1807 in
1393 1783 1485 1807 con·
1518 1770 1539 1805 3

62 1843 212 1886 sulatu,
251 1843 378 1890 potius
425 1855 564 1890 quam.
610 1844 700 1890 quid
730 1844 767 1879 in
798 1849 967 1891 praetura
1005 1842 1191 1878 iuraverit
1223 1842 1269 1877 P.
1300 1841 1484 1878 Licinius,

64 1912 447 1948 animadvertendum
481 1924 563 1948 esse
593 1919 758 1949 censeat.
822 1913 873 1949 Se
902 1918 1031 1948 tamen
1061 1910 1230 1948 futurum
1261 1911 1300 1946 in
1331 1915 1486 1946 senatus

70 2093 89 2119 4
115 2088 272 2128 suffragis
329 2091 346 2118 5
379 2089 413 2118 in
438 2088 466 2118 is
522 2087 554 2124 6,
583 2092 600 2117 2
627 2093 751 2128 praetor
788 2088 883 2119 cuius
913 2088 917 2126 Ι
947 2088 1038 2128 quod
1065 2092 1202 2119 senatus
1266 2086 1297 2123 7,
1325 2091 1343 2117 2
1369 2096 1489 2126 recog·

69 2151 223 2177 nosceret
248 2145 416 2176 Beki-mus
465 2144 582 2186 (Gr-yn.
609 2150 714 2184 utque
739 2145 801 2185 ibi)
858 2149 877 2176 3
909 2145 1008 2187 Gryn.
1036 2145 1166 2184 legeret
1186 2144 1192 2186 Ι
1215 2150 1248 2174 et
1277 2145 1373 2175 daret
1398 2142 1488 2174 Bek-

70 2202 162 2233 kerus
220 2202 254 2240 8,
285 2207 298 2233 1
328 2212 393 2243 que
420 2203 521 2233 omiss.
575 2207 592 2232 2
620 2203 820 2243 praetoribus
846 2212 902 2233 eas
969 2207 988 2234 3
1016 2203 1146 2233 alceras
1194 2206 1213 2232 4
1241 2207 1278 2232 ut
1303 2202 1393 2243 quod
1419 2200 1490 2232 fru-

72 2264 221 2290 mentum
266 2259 398 2291 Vahlen.
449 2259 569 2302 (Gr-yn.
605 2265 709 2300 utque
735 2260 769 2290 id
799 2259 916 2299 frum.)
973 2259 1005 2293 9,
1035 2263 1048 2290 1
1086 2269 1131 2290 m.
1167 2259 1320 2290 caninius
1353 2259 1490 2299 regilius

72 2320 91 2347 2
119 2317 303 2348 sardiniam
331 2327 358 2347 c.
387 2317 548 2357 sulpicius
607 2321 626 2348 3
652 2317 907 2348 iurisdicionem
935 2327 962 2347 c.
990 2316 1091 2347 iulius
1112 2316 1117 2355 1
1139 2316 1336 2357 peregrinos
1363 2322 1411 2348 ssu
1438 2316 1490 2346 lu-

73 2374 176 2405 cretio
203 2377 223 2404 4
243 2372 342 2415 Gryn.
359 2375 479 2406 evenit.
531 2375 682 2413 XXXII,
703 2374 734 2411 1,
763 2378 782 2405 2
808 2375 878 2405 sine
903 2373 991 2405 forte
1014 2374 1020 2414 1
1042 2379 1315 2414 oppugnaturum
1328 2373 1492 2405 Rubenius

73 2440 106 2478 2,
137 2445 150 2472 l
177 2429 226 2482 pi.
263 2433 443 2474 eumenien
467 2443 502 2473 in
527 2444 738 2484 prouinciam
762 2441 767 2484 Ι
790 2443 983 2474 contionem
1035 2446 1053 2472 2
1083 2430 1270 2482 statuisque
1330 2446 1350 2473 3
1378 2451 1489 2473 conss.

74 2501 96 2529 4
120 2505 150 2529 et
173 2499 205 2534 3,
245 2503 256 2530 l
287 2505 426 2540 possent
452 2500 478 2530 si
506 2506 642 2531 senatus
668 2510 734 2531 non
762 2500 841 2541 quid
869 2499 940 2541 My.
968 2499 1040 2530 Em.
1069 2499 1296 2540 5261ue11et
1324 2498 1396 2540 Mq.
1425 2498 1490 2529 ibd.

75 2553 194 2596 (Gryn.
221 2562 369 2597 possent.
402 2556 436 2588 Si
463 2563 600 2589 senatus
621 2567 696 2588 non·
718 2575 759 2580 —-
788 2562 941 2588 censeat:
968 2566 1002 2588 se
1027 2562 1140 2588 tamen
1166 2557 1228 2597 —)
1262 2560 1280 2587 2
1306 2555 1495 2586 iurauerint

71 2614 95 2642 3
121 2611 251 2644 futurus
