1753 2934
265 121 284 155 4
293 121 314 156 8
824 118 996 149 Periochae

207 248 357 281 Curiatio
401 254 439 279 tr.
477 249 521 289 pl.
563 249 773 289 impositum,
817 256 850 280 ct.
885 250 927 281 D.
962 249 1059 280 Iunio
1085 249 1191 280 Bruto
1230 259 1315 280 coss.
1358 248 1516 280 dilectum
1553 250 1614 280 ha-

205 311 363 341 bentibus
411 311 444 340 iu
488 317 668 350 conspectu
709 311 853 341 tironum
897 321 948 342 res
988 311 1197 342 saluberrimi
1237 310 1383 351 exempli
1427 310 1518 341 sacta
1550 318 1613 343 est-

204 371 289 402 Nam
318 371 355 403 C.
376 372 546 402 Matienus
577 377 753 402 accusatus
788 378 840 403 est
865 372 951 413 apud
980 373 1133 404 tribunos
1160 373 1278 414 plebis,
1313 372 1401 413 quod
1428 373 1611 404 exereitum

204 434 236 463 in
262 433 427 473 Hispania
454 434 666 467 deseruisset.
693 433 938 474 damnatusque
964 434 1024 464 sub
1045 433 1139 464 furca
1165 434 1221 464 diu
1248 434 1350 473 virgis
1374 443 1479 465 caesus
1504 440 1556 466 est
1580 441 1612 466 et

203 495 357 525 sestertio
383 505 518 525 nummo
545 495 655 525 veniit.
707 495 849 525 Tribuni
877 495 982 535 plebis
1017 495 1095 535 quia
1128 505 1194 525 non
1221 496 1453 535 impetrarent,
1490 501 1525 526 ut
1548 495 1611 527 sibi

203 556 317 593 denos,
345 565 427 596 quos
454 556 589 586 vellent.
618 541 738 586 milites
765 557 911 586 eximere
937 556 1068 588 liceret..
1097 556 1252 587 consules
1280 557 1313 586 in
1339 566 1508 587 carcerem
1535 557 1610 588 duci

202 617 380 648 iusserunt.
431 616 547 648 Iunius
574 618 698 648 Brutus
725 627 792 648 eos.
821 618 853 647 in
880 618 1044 658 Hispania
1071 618 1134 651 eis,
1162 619 1217 657 qui
1243 619 1304 649 sub
1331 617 1462 648 Viriato
1490 618 1612 648 milita-

203 684 331 717 verant,
358 688 456 718 agros
477 685 507 710 et
526 680 684 720 oppidum
705 680 807 718 dedit,
834 679 923 718 quod
946 684 1098 710 vocatum
1119 686 1168 710 est
1181 679 1352 710 Valentia.
1391 679 1438 710 M.
1458 679 1612 720 Popilius

201 739 461 779 aNumantinis‚
494 750 567 770 cum
596 741 714 780 quibus
732 751 850 780 pacem
871 741 991 772 saetam
1013 741 1138 771 irritam
1165 741 1235 771 fieri
1260 747 1396 771 senatus
1423 747 1609 773 censuerat.

201 810 277 830 cum
305 802 454 831 exercitu
491 801 583 833 fusus
621 802 824 842 fugatusque
861 811 920 833 est.
974 802 1011 834 C.
1040 802 1187 833 Hostilio
1214 802 1376 833 Mancino
1403 813 1470 834 cos.
1506 803 1612 834 sacri·-

199 863 321 893 fieante
347 864 428 903 pulli
460 874 502 894 ex
528 874 628 894 cavea
656 864 891 902 evolaverunt3
931 865 1168 895 conscendenti
1195 864 1313 894 deinde
1339 874 1475 899 navem,
1514 870 1550 895 ut
1575 865 1610 894 in

200 924 396 965 Hispaniam
414 927 690 966 proficisceretur⁷
718 926 841 956 accidit
869 936 941 955 vax·
972 924 1105 963 „Mane,
1132 925 1341 961 Mancinel'',
1369 935 1442 966 quae
1460 927 1609 968 auspicia

201 986 305 1016 tristia
344 986 446 1018 fuisse
490 994 607 1018 eventu
640 987 819 1028 probatum
856 994 914 1018 est.
973 987 1094 1019 Victus
1133 988 1219 1017 enim
1266 998 1284 1017 a
1320 987 1535 1018 Numantinis
1578 994 1610 1018 et

199 1049 316 1079 castris
343 1055 479 1087 exutus,
515 1059 615 1090 quum
651 1059 728 1090 spes
754 1048 845 1078 nulla
873 1049 1024 1078 servandi
1052 1050 1221 1080 exereitus
1249 1054 1354 1084 esset,
1390 1059 1506 1090 pacem
1533 1059 1611 1080 cum

197 1110 244 1139 cis
283 1110 362 1141 feeit
396 1111 674 1151 ignominiosam,
715 1120 814 1149 quam
855 1117 960 1139 ratam
987 1120 1059 1142 esse
1098 1118 1232 1142 senatus
1270 1111 1384 1142 vetuit.
1451 1101 1518 1143 Χῖ
1542 1112 1608 1144 Ro-

198 1181 372 1202 manorum
411 1183 430 1202 a
466 1172 746 1203 Numantinorum
784 1162 833 1203 IV
874 1173 960 1202 victa
997 1178 1099 1203 erant.
1168 1173 1208 1203 D.
1248 1172 1363 1204 Iunius
1397 1173 1607 1205 Lusitaniam

198 1234 507 1273 expugnationibus
548 1235 676 1264 urbium
721 1243 825 1274 usque
864 1234 905 1263 ad
945 1232 1119 1264 Oceanum
1165 1235 1372 1275 perdomuit.
1426 1240 1458 1265 et
1505 1245 1606 1275 quum

197 1293 319 1324 flumen
361 1295 574 1326 Oblivionem
618 1295 761 1326 transire
799 1295 944 1326 nollent.
987 1303 1117 1336 raptum
1162 1295 1325 1334 signifero
1366 1296 1497 1335 signum
1539 1297 1609 1337 ipse

197 1357 368 1387 transtulit
395 1363 426 1387 et
453 1359 518 1394 sic,
556 1363 592 1388 ut
617 1357 936 1395 transgrederentur,
964 1358 1138 1397 persuasit.
1191 1357 1379 1388 Alexandri
1405 1357 1511 1395 filius,
1547 1369 1605 1389 rex

198 1416 320 1457 Syriae,
361 1419 475 1449 decem
520 1428 626 1450 annos
667 1418 848 1449 admodum
890 1418 1036 1450 habens.
1084 1429 1102 1448 a
1137 1418 1306 1456 Diodoto,
1348 1419 1404 1459 qui
1445 1419 1604 1460 Tryphon

196 1479 518 1519 cognominabatur,
570 1485 679 1511 tutore
721 1490 798 1513 suo,
847 1490 907 1521 per
954 1479 1104 1512 fraudem
1147 1481 1277 1512 occisus
1325 1482 1605 1521 est,·cori·11ptis

195 1540 351 1578 medicis,
387 1542 442 1580 qui
477 1542 572 1572 illum
605 1542 724 1572 calculi
752 1543 867 1573 dolore
895 1543 1044 1573 consumi
1080 1542 1121 1572 ad
1155 1541 1315 1581 populum
1342 1541 1492 1578 mentiti,
1526 1542 1604 1572 dum

194 1609 318 1638 secant,
346 1603 549 1634 occiderunt.

746 1710 809 1740 EX
838 1709 924 1740 11113.
954 1709 1043 1741 LVI.

285 1785 327 1816 D.
364 1785 479 1817 Iunius
512 1787 636 1818 Brutus
670 1787 702 1816 in
737 1787 901 1827 Hispania
943 1787 1102 1817 ulteriore
1139 1786 1284 1818 feliciter
1327 1788 1484 1817 adversus
1521 1785 1604 1817 Gal-

191 1847 289 1878 laeeos
337 1848 510 1888 pugnavit.
592 1847 757 1879 Dissimili
808 1855 928 1878 eventu
979 1848 1025 1880 M.
1072 1849 1232 1880 AEmilius
1269 1848 1418 1888 Lepidus
1471 1857 1602 1888 procos⁴

191 1908 349 1938 adversus
375 1908 538 1941 Vaecaeos
571 1920 639 1940 rem
677 1910 796 1949 gessit,
836 1910 1032 1951 clademque
1068 1911 1208 1942 similem
1236 1910 1449 1941 Numantinae
1484 1919 1603 1950 passus

190 1974 251 2000 cst.
306 1971 357 2000 Ad
386 1970 624 2002 exsolvendum
652 1972 789 2003 soederis
813 1971 1013 2002 Numantini
1044 1972 1204 2012 religione
1229 1972 1388 2013 populum
1411 1971 1602 2007 Mancinus,

189 2040 290 2069 quum
319 2031 418 2061 huius
456 2030 500 2060 rei
537 2036 656 2063 auctor
690 2032 823 2070 suisset,
863 2034 995 2065 deditus
1020 2033 1234 2064 Numantinis
1268 2043 1334 2064 non
1361 2038 1411 2064 est
1438 2039 1600 2074 receptus.

189 2092 348 2123 Lustrum
397 2103 416 2123 a
461 2093 657 2125 censoribus
703 2096 873 2126 conditum
921 2102 988 2133 est3
1046 2106 1145 2126 censa
1196 2101 1273 2126 sunt
1317 2095 1439 2125 civium
1491 2095 1602 2136 capita

191 2144 389 2186 ech‘v'n'
409 2154 735 2189 DCCCCXXXIII.
787 2158 924 2188 Fulvius
955 2157 1101 2188 maccus
1130 2167 1197 2188 cos.
1226 2157 1379 2187 vai-deos
1405 2157 1437 2186 in
1465 2156 1600 2197 Illyrico

188 2217 332 2256 subegit.
396 2217 442 2247 M.
473 2216 661 2250 Cosconius
693 2225 815 2260 praetor
846 2220 879 2249 in
918 2219 1064 2250 Thracia
1104 2229 1180 2249 eum
1215 2218 1402 2250 Scordiscis
1444 2227 1601 2258 prospere

186 2279 355 2318 pugnavit.
408 2278 519 2317 Quum
558 2279 684 2310 bellum
720 2279 964 2311 Numantinum
998 2281 1080 2311 vitio
1113 2281 1233 2311 ducum
1265 2290 1333 2311 non
1369 2280 1440 2310 sine
1473 2280 1601 2320 pudore

185 2341 322 2380 publico
349 2341 495 2378 duraret,
523 2341 654 2372 delatus
681 2348 732 2372 est
759 2343 846 2373 ultro
866 2342 1013 2382 Scipioni
1035 2341 1199 2372 Africano
1223 2352 1241 2372 a
1265 2347 1382 2372 senatu
1408 2341 1600 2382 populoque

186 2402 340 2432 Romano
375 2403 589 2440 consulatus3
623 2412 721 2443 quem
755 2414 856 2444 quum
890 2403 938 2433 illi
973 2412 1092 2443 capere
1127 2403 1168 2433 ob
1195 2403 1325 2442 legem,
1365 2412 1440 2444 quae
1464 2402 1601 2432 vetabat

185 2473 387 2504 quemquam
424 2464 545 2494 iterum
580 2464 752 2494 consulem
779 2465 866 2503 fieri,
901 2475 966 2495 non
1002 2465 1134 2501 liceret,
1174 2465 1259 2495 sicut
1294 2464 1394 2505 priori
1422 2463 1599 2494 consulatu

184 2524 316 2564 legibus
343 2525 472 2555 solutus
499 2530 559 2556 est.
612 2525 744 2556 Bellum
780 2526 898 2557 servile
930 2527 961 2556 in
991 2526 1108 2558 Sicilia
1145 2533 1253 2557 ortum
1281 2535 1381 2566 quum
1410 2525 1552 2565 opprimi
1579 2535 1600 2555 a.

183 2586 381 2626 praetoribus
409 2596 474 2616 non
500 2587 683 2626 potuisset,
719 2586 755 2618 C.
785 2587 903 2619 Fulvio
938 2598 1005 2618 eos.
1035 2589 1231 2618 mandatum
1258 2593 1320 2618 est.
1371 2586 1480 2617 Huius
1517 2586 1598 2617 belli

185 2649 313 2678 initium
348 2647 411 2679 suit
444 2647 562 2679 Eunus
600 2658 732 2688 servus,
779 2650 912 2680 natione
949 2649 1062 2690 Syrus,
1105 2651 1171 2690 qui,
1207 2653 1381 2680 eontracta
1413 2647 1595 2687 agrestium
