1742 2902
179 1431 225 1465 10

179 1571 217 1605 ll

179 1711 224 1746 12

143 1912 197 1956 48

318 126 367 161 90
676 123 780 154 Liber
804 123 916 154 XLII.
960 124 1021 163 (A.
1050 133 1081 153 u.
1110 133 1137 154 c.
1168 124 1264 162 583.)

261 257 402 293 sosque
431 245 480 281 ad
510 245 703 281 incautum
737 246 885 282 hostem
915 246 1081 291 reditus,
1121 257 1190 282 nec
1220 251 1261 281 ut
1291 251 1375 282 astu
1406 245 1529 292 magis
1559 256 1675 292 quam

260 327 352 351 vera
381 315 521 350 virtute
549 314 817 362 gloriarentur,
845 316 947 352 bella
967 316 1132 352 maiores
1159 302 1334 363 gessisse.
1377 315 1551 351 Indicere
1571 315 1675 363 prius

260 396 374 431 quam
405 395 538 430 gerere
567 384 700 420 solitos
730 385 850 429 bella3
891 386 1115 422 denuntiare
1153 386 1267 421 etiam
1300 385 1487 421 interdum
1512 397 1676 432 puqnam

260 458 293 487 et
331 453 445 488 locum
483 453 611 499 finire,
649 455 687 490 in
719 468 795 503 quo
829 456 1045 492 dimicaturi
1086 462 1222 492 essent.
1280 454 1429 491 Eadem
1468 453 1542 490 fide
1579 453 1676 489 indi-

259 528 385 557 catum
430 523 583 571 Pyrrho
622 526 703 573 regi
743 526 930 562 medicum
979 525 1066 561 vitae
1107 525 1186 561 eius
1229 525 1491 567 insidiantem3
1542 523 1674 559 eadem

260 591 422 627 Faliscis
461 593 629 630 vinctum
674 595 855 631 traditum
900 595 1133 643 proditorem
1179 595 1398 630 liberorum.
1465 590 1675 640 Religionis

258 659 339 695 haec
368 661 554 698 Romanae
584 675 687 708 esse,
718 676 794 700 non
824 664 1078 700 versutiarum
1110 664 1344 701 Punicarum
1374 674 1498 709 neque
1530 660 1675 696 callidi-

258 730 347 765 tatis
388 729 556 774 Graecae,
611 737 704 779 aput
753 745 843 780 quos
887 732 1019 770 fallere
1061 735 1209 770 hostem
1262 745 1375 781 quam
1418 731 1455 766 vi
1493 742 1676 779 superare
1714 736 1718 740 '

257 798 462 846 gloriosius
505 798 631 837 fuerit.
700 802 896 839 Interdum
943 804 980 839 in
1028 815 1194 851 praesens
1231 808 1380 850 tempus
1420 800 1505 849 plus
1543 800 1676 848 profici

257 867 346 903 dolo
387 880 503 916 quam
542 870 698 915 virtute3
743 872 810 907 sed
851 872 931 909 eius
969 873 1120 909 demum
1163 873 1330 909 animum
1371 872 1409 907 in
1449 876 1675 918 perpetuum

258 937 377 981 vinci,
416 939 475 974 cui
506 939 696 976 confessio
738 954 921 990 expressa
953 943 1021 987 sit,
1061 956 1102 979 se
1142 954 1267 989 neque
1305 947 1387 976 arte
1416 952 1540 987 neque
1571 952 1675 986 casu,

255 1006 336 1052 sed,
358 1008 506 1045 collatis
528 1011 739 1046 comminus
762 1012 917 1057 viribus,
937 1013 1037 1048 iusto
1060 1024 1104 1048 ac
1125 1011 1189 1059 pio
1211 1022 1293 1046 esse
1314 1009 1413 1045 bello
1439 1017 1674 1058 superatum.

258 1076 351 1113 Haec
393 1079 584 1124 seniores,
634 1081 771 1128 quibus
817 1094 919 1118 nova
959 1082 1040 1118 haec
1080 1081 1203 1117 minus
1251 1080 1430 1128 placebat
1472 1080 1673 1128 sapientia.

258 1146 362 1183 Vicit
391 1154 518 1185 tamen
549 1162 594 1185 ea
633 1163 723 1198 pars
754 1159 929 1196 senatus,
968 1151 1026 1187 cui
1067 1152 1195 1199 potior
1234 1151 1335 1186 utilis
1376 1161 1491 1197 quam
1525 1150 1676 1187 honesti

257 1228 350 1252 cura
380 1223 484 1263 erat,
526 1226 568 1255 ut
605 1221 907 1268 conprobaretur
945 1221 1051 1269 prior
1092 1220 1234 1269 legatio
1276 1219 1421 1266 Marci,
1465 1225 1502 1255 et
1541 1220 1674 1256 eodem

255 1299 386 1323 rursus
416 1288 454 1324 in
486 1288 677 1325 Graeciam
717 1303 802 1327 cum
834 1287 856 1307 *

896 1291 1235 1338 quinqueremibus
1274 1290 1531 1326 remitteretur
1569 1290 1675 1327 iube-

255 1362 437 1405 returque
473 1366 623 1404 cetera,
650 1360 704 1397 uti
735 1373 754 1396 e
784 1374 825 1398 re
853 1360 1007 1410 publiea
1038 1361 1204 1396 maxime
1233 1360 1357 1396 visum
1388 1366 1509 1405 esset,
1547 1372 1674 1408 agere.

257 1428 307 1463 A.
339 1440 494 1476 quoque
514 1429 676 1466 Atilium
709 1430 891 1467 miserunt
927 1431 975 1467 ad
996 1431 1259 1478 occupandam
1282 1431 1461 1467 Larisam
1490 1430 1528 1466 in
1551 1431 1674 1466 Thes-

256 1497 375 1543 salia,
407 1498 595 1544 timentes,
623 1512 691 1545 ne,
724 1501 754 1537 si
786 1501 1018 1537 indutiarum
1051 1501 1131 1536 dies
1163 1500 1317 1545 exisset,
1347 1500 1513 1539 Perseus,
1544 1499 1674 1548 praesi-

257 1566 320 1602 dio
362 1579 407 1603 eo
448 1568 584 1614 misso,
627 1577 742 1618 caput
787 1571 999 1607 Thessaliae
1038 1570 1075 1606 in
1116 1577 1307 1618 potestate
1345 1570 1514 1607 haberet.
1582 1570 1673 1617 Duo

256 1636 362 1672 milia
403 1638 574 1684 peditum
616 1640 760 1676 Atilius
800 1640 848 1677 ab
888 1640 957 1678 Cn.
991 1640 1141 1684 Sicinio⁴
1175 1640 1349 1688 accipere
1389 1639 1439 1676 ad
1477 1652 1560 1676 eam
1591 1652 1670 1676 rem

256 1707 444 1754 agendam
476 1708 618 1753 iussu83
650 1717 685 1745 et
716 1711 761 1746 l’.
794 1711 977 1755 Lentulo,
1009 1711 1073 1758 qui
1104 1723 1152 1746 ex
1182 1710 1336 1746 Achaia
1363 1709 1542 1756 redierat,
1572 1708 1672 1747 CCC

255 1777 393 1813 milites
430 1778 554 1814 Italici
594 1780 744 1827 generis
787 1780 884 1825 dati,
927 1787 967 1816 ut
1007 1780 1152 1816 Thebis
1192 1780 1301 1816 daret
1341 1792 1517 1828 operam,
1558 1787 1600 1817 ut
1634 1780 1672 1816 in

254 1854 445 1895 potestate
474 1848 626 1884 Boeotia
658 1855 769 1887 esset.

366 1918 438 1954 Ilis
469 1919 715 1966 praeparatis,
754 1932 989 1968 quamquam
1029 1920 1077 1956 ad
1109 1919 1248 1956 bellurn
1280 1920 1439 1956 consilia
1469 1926 1577 1958 erant
1607 1920 1671 1957 de-

255 1987 415 2032 stinata,
455 1994 628 2025 senatum
659 1996 787 2026 tamen
830 1990 992 2038 praeberi
1021 1990 1158 2039 legatis
1187 1990 1342 2038 placuit.
1401 1991 1547 2028 Eadem
1579 1990 1671 2036 fere,

255 2122 273 2149 4
301 2119 389 2149 bella
417 2119 626 2159 magisquam
654 2119 798 2150 maiores
832 2119 836 2159 Ι
865 2119 975 2150 indice
1008 2120 1100 2160 prius
1162 2123 1179 2150 5
1214 2120 1379 2150 interdum
1414 2119 1508 2150 finire
1536 2119 1667 2161 Kreyss.

255 2176 377 2217 (Gryn.
406 2176 517 2213 ctiam,
545 2177 711 2207 interdum
738 2177 850 2207 locum
877 2177 990 2217 finire)
1052 2176 1084 2213 6,
1113 2181 1129 2207 2
1158 2178 1351 2217 pyrromegi
1380 2178 1547 2208 medicum
1598 2176 1629 2215 7,
1653 2180 1666 2208 1

255 2234 342 2273 regis
369 2234 439 2263 haee
464 2244 603 2265 romana
629 2244 704 2265 csse
740 2234 859 2266 Vahlen
898 2234 1016 2276 (Gryn.
1044 2235 1229 2265 liberorum
1256 2235 1357 2275 regis.
1407 2234 1488 2265 Haec
1513 2235 1671 2266 Romana

555 2290 586 2306 ·n

255 2324 328 2345 csse
343 2314 415 2354 ——.)
459 2319 476 2344 2
503 2316 714 2356 publicarum
767 2320 785 2347 3
814 2317 942 2356 graeciae
968 2322 1049 2357 aput
1075 2316 1190 2347 fallere
1247 2317 1279 2358 8,
1308 2321 1326 2348 3
1354 2327 1462 2357 neque
1489 2323 1583 2358 partc
1611 2326 1669 2348 ne-

255 2382 318 2413 que
345 2382 442 2402 casus
493 2377 511 2402 4
539 2374 665 2404 bellum
694 2373 807 2414 (Frob.
824 2373 866 2405 II
887 2374 975 2405 bello
1004 2384 1075 2405 csse
1102 2373 1228 2415 super.)
1287 2375 1318 2412 9,
1348 2379 1359 2405 l
1391 2385 1481 2406 noua
1505 2385 1544 2406 ae
1571 2375 1668 2406 nimis

253 2429 414 2471 placebat
445 2433 462 2459 2
492 2436 592 2460 tanen
615 2432 619 2470 Ι
644 2432 696 2461 cui
723 2433 844 2472 potiori
872 2433 986 2463 utilius
1037 2436 1056 2463 3
1084 2433 1198 2463 marcii
1227 2433 1268 2472 (?)
1301 2433 1378 2464 Tum
1406 2433 1447 2464 A.
1483 2433 1668 2464 Perizonius

255 2493 288 2518 et
313 2487 399 2518 idem
443 2491 462 2517 4
490 2497 562 2517 cum
591 2489 887 2529 quinqueremibus
901 2489 1071 2521 Excidisse
1105 2501 1261 2521 munerum
1279 2488 1431 2522 Dat-erus
1449 2490 1537 2523 vidit.
1574 2490 1629 2529 10,
1648 2495 1666 2523 2

254 2556 382 2587 exisset
395 2557 552 2597 praesidio
578 2556 632 2595 11,
656 2561 666 2588 1
698 2567 741 2589 ·u·
769 2559 834 2590 duo
859 2559 1010 2600 peditum
1049 2563 1067 2589 2
1094 2559 1220 2591 millius
1238 2561 1281 2592 ab
1300 2548 1368 2594 cos.
1389 2561 1508 2593 sicinio
1530 2548 1668 2594 aceens-

254 2626 332 2657 dere
357 2626 399 2657 ad
458 2625 512 2664 12,
543 2614 664 2658 l⁵ccce
689 2628 810 2659 milites
859 2632 878 2660 3
906 2629 1038 2660 boetiae
