1753 2934
176 873 220 906 10

175 1012 218 1046 11

180 1292 221 1327 12

313 125 390 160 210
659 121 760 152 Liber
785 120 893 151 XLV.
956 120 1014 160 (A.
1043 130 1074 151 u.
1102 130 1130 151 c.
1159 119 1252 159 586.)

260 245 398 282 tionem
430 244 594 280 traducti
626 249 907 292 exposuerunt3
947 250 1209 292 renovataque
1240 243 1381 288 laetitia,
1411 255 1495 279 cum
1527 243 1659 279 consul

257 314 458 358 edixisset,
506 320 546 349 ut
576 326 708 350 omnes
741 314 840 350 aedes
869 325 988 350 sacrae
1018 315 1276 362 aperirentur,
1321 326 1390 362 pro
1428 325 1468 349 se
1499 313 1658 361 quisque

258 397 303 420 ex
338 383 514 420 contione
545 384 593 420 ad
622 384 767 432 gratias
798 384 967 433 agendas
998 384 1073 420 iere
1100 384 1169 429 dis,
1200 384 1419 432 ingentique
1441 384 1553 420 turba
1582 395 1658 419 non

256 455 425 490 virorum
458 454 586 498 modo,
620 455 686 490 sed
718 454 831 490 etiam
864 453 1091 490 feminarum
1133 453 1305 490 conferta
1339 460 1412 490 tota
1443 454 1536 490 urbe
1566 453 1656 490 deo-

254 537 336 560 rum
388 524 659 561 immortalium
705 525 859 573 templa.
939 523 1124 569 Senatus,
1174 531 1376 560 revocatus
1420 524 1456 559 in
1501 524 1659 569 curiam,

254 594 551 642 supplicationes
582 595 631 631 ob
662 608 740 631 rem
773 594 924 643 egregie
963 602 1108 643 gestam
1155 595 1203 630 ab
1235 595 1281 631 L.
1313 594 1474 630 AEmilio
1505 593 1660 630 consule

254 664 291 700 in
327 665 493 712 quinque
538 665 617 700 dics
662 665 763 701 circa
810 665 938 701 omnia
986 665 1201 713 pulvinaria
1238 664 1404 700 decrevit
1449 663 1659 711 hostiisque

254 735 464 771 maioribus
508 735 715 771 sacrificari
746 735 866 771 iussit.
944 735 1099 778 Nat-es,
1141 747 1224 783 quae
1271 735 1308 770 in
1338 734 1469 770 Tiberi
1516 740 1660 781 paratae

254 803 521 852 instructaeque
552 805 728 848 stabant,
760 811 811 849 ut,
842 806 872 841 si
903 818 963 841 res
993 812 1178 854 posceret,
1211 805 1248 840 in
1278 804 1546 840 Macedoniam
1575 803 1659 839 mit-

255 880 443 919 terentur,
488 875 647 911 subduci
691 882 728 911 et
763 875 799 911 in
841 875 1041 911 navalibus
1071 875 1280 919 conlocari3
1325 874 1450 911 socios
1489 873 1659 918 navales,

255 944 347 980 dato
379 957 505 980 annuo
537 944 739 993 stipendio,
770 945 906 981 dimitti
938 954 975 981 et
1004 958 1087 981 cum
1122 945 1179 981 his
1210 958 1364 988 omneS,
1399 944 1464 992 qui
1497 944 1534 979 in
1567 956 1659 980 con-

254 1014 344 1050 sulis
386 1015 504 1051 verba
546 1015 790 1058 iuraverant3
829 1023 865 1051 ct
906 1017 1007 1064 quod
1052 1017 1208 1053 militum
1242 1014 1439 1064 Corcyrae,
1468 1014 1660 1059 Brundisi,

255 1084 302 1120 ad
335 1098 438 1121 mare
482 1097 660 1133 superum
702 1092 767 1121 aut
804 1086 841 1121 in
890 1099 984 1135 agro
1019 1086 1188 1123 Larinati
1229 1092 1327 1122 esset
1367 1083 1563 1135 (omnibus
1602 1085 1661 1121 his

254 1154 346 1191 locis
378 1155 584 1203 dispositus
619 1156 805 1192 exercitus
837 1155 973 1198 fuerat,
1004 1169 1087 1193 cum
1118 1169 1213 1204 qu0‚
1244 1156 1274 1192 si
1307 1168 1367 1192 res
1400 1161 1586 1204 posceret,
1617 1154 1660 1191 C.

254 1224 422 1261 Licinius
453 1225 608 1272 collegae
638 1224 754 1261 ferret
787 1228 937 1274 opem),
980 1228 1049 1263 hos
1081 1238 1211 1262 omnes
1246 1226 1382 1262 milites
1413 1225 1548 1261 dimitti
1578 1225 1660 1273 pla-

256 1295 344 1332 cuit.
413 1294 649 1343 Supplicatio
681 1308 750 1343 pro
789 1297 965 1332 contione
1003 1296 1144 1345 populo
1185 1296 1326 1332 indicta
1363 1302 1437 1339 est,
1482 1307 1529 1331 ex
1574 1301 1661 1331 ante

255 1365 352 1401 diem
388 1365 426 1401 V
456 1365 539 1401 idus
571 1364 758 1402 Octobres
798 1379 883 1402 cum
915 1379 960 1402 eo
993 1366 1052 1402 (lie
1082 1366 1118 1402 in
1151 1366 1316 1413 quinque
1348 1365 1439 1401 dies.

368 1435 430 1472 Ex
461 1435 614 1484 Illyrico
646 1436 720 1471 duo
754 1436 881 1485 legati,
915 1436 958 1473 C.
991 1436 1157 1473 Licinius
1188 1436 1321 1472 Nerva
1362 1442 1398 1471 et
1429 1435 1473 1471 P.
1504 1433 1659 1480 Decius,

255 1506 489 1549 nuntiarunt,
521 1507 728 1542 exercitum
761 1507 976 1555 Illyriorum
1007 1519 1165 1549 caesum,
1197 1505 1378 1543 Gentium
1410 1517 1538 1554 regem
1570 1517 1659 1553 cap-

255 1582 347 1619 tum,
393 1575 430 1610 in
464 1576 611 1612 dicione
641 1577 772 1625 populi
807 1577 970 1614 Romani
1003 1575 1077 1626 [et]
1111 1576 1302 1625 Illyricum
1334 1588 1428 1614 esse.
1503 1574 1564 1613 Ob
1595 1586 1659 1611 eas

255 1657 315 1681 res
345 1653 474 1693 gestas
507 1646 619 1683 ductu
653 1647 900 1695 auspicioque
931 1648 975 1685 L.
994 1647 1109 1684 Anici
1138 1646 1309 1695 praetoris
1341 1653 1494 1682 senatus
1524 1645 1562 1681 in
1593 1645 1658 1681 tri-

255 1715 369 1751 duum
402 1715 699 1763 supplicationes
740 1718 925 1762 decrevit;
977 1730 1029 1753 eae
1074 1717 1205 1753 edictae
1249 1729 1273 1752 a
1311 1716 1465 1752 consule
1504 1715 1658 1752 suntin

254 1792 342 1821 ante
373 1786 464 1821 diem
495 1794 671 1833 quartum
706 1795 742 1823 et
772 1788 921 1824 tertium
955 1794 989 1823 et
1020 1787 1140 1835 pridie
1168 1785 1252 1823 idus
1280 1786 1534 1823 Novembres.

366 1856 577 1893 Tradidere
595 1857 763 1904 quidam,
793 1857 940 1905 legatos
956 1857 1141 1901 Rhodios,
1172 1857 1338 1892 nondum
1357 1855 1546 1899 dimissos,
1573 1859 1660 1903 post

254 1926 451 1963 victoriam
473 1927 685 1964 nuntiatam
709 1928 811 1964 velut
832 1929 880 1964 ad
906 1927 1109 1964 ludibrium
1132 1926 1278 1962 stolidae
1294 1925 1480 1974 superbiae
1495 1925 1534 1961 in
1550 1936 1658 1961 sena-

254 2107 285 2145 6,
315 2112 333 2139 2
361 2117 436 2139 cum
464 2107 618 2138 eonsules
674 2110 692 2137 3
731 2107 827 2137 scdcs
853 2114 938 2136 acrae
999 2108 1019 2135 4
1057 2105 1248 2143 adegratias
1282 2104 1286 2143 l
1320 2103 1366 2133 irc
1410 2101 1507 2133 Gron.
1579 2100 1610 2139 7,
1637 2104 1656 2132 2

254 2172 414 2207 conperta
453 2166 534 2196 urbe
595 2164 635 2199 8,
673 2168 691 2194 2
736 2164 873 2204 egi-egio
937 2166 955 2193 3
990 2163 1078 2193 omni
1114 2163 1118 2201 Ι
1152 2162 1324 2200 hostisque
1386 2164 1405 2191 4
1431 2161 1568 2191 iussitur
1623 2159 1656 2196 9,

255 2227 273 2254 2
301 2224 473 2254 instabant
504 2241 505 2258 η
536 2223 561 2254 si
596 2232 647 2253 res
685 2227 800 2262 posset
837 2220 990 2251 resistere
1023 2221 1055 2250 in
1083 2219 1153 2260 My.
1180 2219 1252 2250 Em.
1281 2218 1353 2249 592
1385 2219 1542 2258 (poscere
1567 2217 1657 2247 vide-

254 2282 357 2321 retur)
384 2287 412 2312 et
447 2280 575 2312 Vahlen.
627 2278 745 2321 (Gryn.
775 2279 800 2310 si
828 2288 885 2309 rcx
910 2283 1024 2319 posset
1049 2278 1213 2314 resistere,
1242 2277 1275 2306 in
1303 2277 1360 2315 —)
1410 2279 1428 2306 3
1456 2276 1488 2306 ἰη
1515 2274 1658 2306 nauibus

254 2339 351 2372 10,1
383 2339 515 2369 naualis
543 2339 639 2369 datos
704 2337 757 2375 11,
797 2340 809 2367 l
845 2336 1017 2366 brundisia
1082 2338 1100 2365 3
1139 2340 1341 2375 poposceret
1401 2333 1455 2370 12,
1493 2336 1504 2363 l
1543 2331 1657 2373 populi

258 2396 356 2429 Gron.
380 2399 384 2435 1
408 2405 449 2426 cx
475 2403 552 2427 ante
578 2396 619 2426 ad
648 2405 677 2427 u.
706 2395 781 2425 idus
807 2394 907 2424 octob
938 2392 1046 2434 δι’-9οη.
1097 2392 1160 2429 111,
1187 2392 1218 2429 1,
1246 2395 1264 2422 3
1292 2397 1324 2422 et
1352 2390 1471 2422 notavit
1486 2389 1567 2431 My„
1595 2389 1657 2420 iam

253 2464 387 2496 Dukero
411 2471 594 2505 suspectum.
650 2464 681 2501 2,
717 2467 735 2494 2
763 2463 875 2494 triduo
932 2465 950 2493 :3
978 2462 1216 2503 suplicationcs
1233 2460 1235 2501 ξ
1253 2459 1656 2491 decreuiturlatinaedictae

254 2522 326 2565 My.
344 2523 393 2563 (ct
420 2523 530 2553 statim
558 2523 675 2553 cdictae
699 2520 768 2552 lac.
790 2520 888 2552 Gron.
910 2519 1007 2562 Gryn.
1023 2520 1181 2557 decrevit,
1208 2525 1244 2549 ut
1268 2518 1412 2556 Latinae)
1439 2521 1458 2547 4
1485 2523 1562 2548 ante
1585 2524 1655 2546 ’1111'

253 2596 286 2623 et
313 2591 474 2629 uun-(sie)
501 2597 534 2622 et
558 2579 605 2631 p-r.
633 2591 677 2622 id.
702 2590 778 2621 nob.
806 2589 972 2620 tradidere
998 2589 1098 2631 (diem
1120 2586 1199 2620 add.
1222 2585 1350 2629 Sigon.)
1399 2586 1432 2624 3,
1459 2590 1478 2617 2
1506 2585 1654 2617 nondum

253 2649 372 2681 missos
399 2648 507 2680 Dralc.
