1753 2934
163 2087 215 2132 43

225 481 244 515 ἰό

223 1394 240 1427 x!

221 1813 241 1846 9

222 2164 242 2198 Ιύ

338 154 411 188 202
680 151 779 182 Liber
804 151 930 182 XLIV.
983 153 1040 191 (A.
1067 162 1098 182 u.
1125 161 1151 182 c.
1181 153 1273 193 586.)

279 274 433 310 abiectis
483 273 597 309 armis
643 273 839 322 sugerunt,
883 275 935 310 sie
977 275 1165 322 equitatus
1208 288 1325 324 prope
1365 276 1507 323 integer
1546 289 1675 324 pugna

279 343 450 380 excessit.
511 343 693 392 Princeps
733 344 831 393 fugae
867 357 934 381 rex
973 345 1053 394 ipse
1094 354 1186 381 erat.
1247 345 1329 382 Iam
1371 358 1394 382 a
1423 346 1560 394 Pydna
1588 359 1672 383 cum

277 412 394 448 sacris
426 412 494 448 alis
524 414 690 461 equitum
712 415 858 451 Pellam
890 416 1061 463 petebat,
1090 414 1285 452 confestim
1317 428 1382 451 eos
1403 414 1520 464 Cotys
1540 428 1674 463 seque-

278 482 389 518 batur
426 481 739 532 Odrysarumque
783 485 983 533 equitatus.
1050 484 1194 522 Ceterae
1233 499 1384 534 quoque
1421 486 1674 522 Macedonum

277 551 346 587 alae
376 552 530 601 integris
571 554 728 590 abibant
766 555 978 600 ordinibus,
1020 556 1109 604 quia
1141 556 1334 593 interiecta
1365 556 1530 605 peditum
1562 555 1674 598 acies,

276 621 381 658 cuius
428 623 548 659 caedes
591 623 754 660 victores
799 626 971 670 tenebat,
1021 626 1247 663 inmemores
1306 627 1448 663 fecerat
1493 625 1674 673 sequendi

276 691 431 739 equites.
492 693 568 729 Diu
608 694 777 742 phalanx
817 708 840 730 a
877 694 1021 739 fronte,
1059 710 1081 731 a
1111 696 1312 740 lateribus,
1354 697 1401 732 ab
1441 705 1546 743 tergo
1577 706 1676 730 caesa

275 770 349 806 est3
379 771 591 811 postremo,
632 764 694 812 qui
727 777 774 800 ex
803 765 966 801 hostium
999 767 1171 802 manibus
1203 766 1320 814 elapsi
1351 773 1476 810 erant,
1515 765 1676 800 inermes

275 833 324 868 ad
355 846 459 869 mare
489 833 695 882 fugientes,
737 835 890 882 quidam
928 848 1066 883 aquam
1101 836 1212 872 etiam
1244 836 1423 884 ingressi,
1461 847 1595 871 manus
1626 834 1675 870 ad

275 914 359 946 eos,
391 903 454 951 qui
484 903 521 939 in
553 903 672 940 classe
702 914 827 949 erant,
867 905 1060 942 tendentes
1099 907 1318 955 suppliciter
1347 906 1462 942 vitam
1495 906 1674 947 oraban13

276 980 313 1008 et
349 985 432 1009 cum
466 974 630 1022 scaphas
657 987 879 1012 concurrere
911 976 1075 1024 undique
1105 977 1153 1012 ab
1184 977 1344 1013 navibus
1374 984 1587 1020 cernerent,
1627 975 1676 1011 ad

274 1043 517 1092 excipiendos
538 1056 621 1080 sese
640 1045 768 1081 venire
791 1046 875 1089 rati,
907 1055 945 1082 ut
967 1056 1142 1094 caperent
1167 1047 1292 1095 potius
1315 1059 1427 1094 quam
1451 1046 1676 1090 occiderent,

274 1112 422 1161 longius
461 1114 497 1149 in
538 1127 699 1162 aquam,
749 1116 902 1163 quidam
953 1117 1065 1153 etiam
1103 1124 1297 1161 natantes,
1339 1116 1528 1165 progressi
1577 1124 1675 1154 sunt.

275 1182 350 1220 Sed
381 1195 464 1219 cum
495 1184 680 1221 hostiliter
710 1198 726 1221 e
754 1187 905 1234 scaphis
944 1187 1193 1231 caederentur,
1233 1194 1355 1231 retro,
1394 1187 1457 1234 qui
1487 1193 1676 1235 poterant,

275 1253 400 1289 nando
431 1261 642 1302 repetentes
663 1263 816 1299 terram,
847 1256 883 1291 in
914 1256 1026 1292 aliam
1055 1256 1249 1292 foediorem
1275 1265 1416 1305 pestem
1448 1257 1677 1294 incidebant,

272 1322 477 1371 Elephanti
508 1324 626 1369 enim,
667 1326 714 1361 ab
755 1326 964 1362 rectoribus
1003 1327 1051 1362 ad
1081 1327 1167 1362 litus
1198 1327 1284 1370 acti,
1315 1334 1495 1362 exeuntes
1526 1326 1676 1361 obtere-

274 1393 366 1429 bant
395 1393 672 1442 elidebantque.
717 1395 847 1432 Facile
877 1396 1066 1442 convenit,
1087 1397 1134 1433 ab
1161 1397 1345 1434 Romanis
1365 1408 1570 1444 numquam
1604 1407 1678 1430 una

275 1463 355 1499 acic
393 1472 537 1500 tantum
568 1465 823 1501 Macedonum
860 1466 1110 1502 interfectum.
1171 1466 1280 1504 Caesa
1317 1467 1414 1503 enim
1456 1465 1504 1501 ad
1542 1463 1675 1512 viginti

275 1533 378 1569 milia
407 1534 600 1571 hominum
631 1543 734 1580 sunt;
770 1536 817 1571 ad
851 1536 907 1572 VI
938 1536 1060 1580 milia,
1096 1537 1159 1584 qui
1189 1538 1363 1586 Pydnam
1396 1548 1442 1572 ex
1477 1535 1556 1571 acie
1590 1547 1675 1583 per-

273 1601 469 1651 fugerant,
510 1604 585 1640 vivi
616 1605 652 1640 in
682 1613 909 1653 potestatem
941 1616 1211 1654 pervenerunt,
1253 1615 1289 1643 et
1319 1607 1408 1656 vagi
1437 1618 1484 1642 ex
1514 1605 1606 1653 fuga
1638 1604 1675 1639 V

275 1673 377 1709 milia
399 1674 591 1711 hominum
615 1683 739 1723 capta.
787 1677 848 1713 Ex
866 1676 1071 1712 victoribus
1093 1677 1307 1713 ecciderunt
1328 1690 1402 1713 non
1421 1675 1505 1724 plus
1526 1683 1674 1710 centum

275 1750 311 1778 et
337 1756 466 1779 eorum
498 1744 616 1781 multo
648 1746 769 1781 maior
799 1758 888 1794 pars
910 1746 1076 1794 Peligni;
1107 1747 1292 1798 volnerati
1323 1747 1518 1793 aliquanto
1548 1744 1674 1792 plures

273 1820 370 1848 sunt.
428 1814 541 1860 Quod
577 1815 609 1850 si
639 1816 822 1852 maturius
853 1817 1016 1864 pugnari
1046 1826 1207 1864 coeptum
1243 1825 1358 1861 esset,
1399 1824 1438 1851 ut
1479 1814 1570 1851 satis
1601 1813 1675 1849 diei

273 1882 479 1919 victoribus
519 1884 567 1919 ad
606 1887 907 1934 persequendum
940 1895 1172 1935 superesset,
1216 1886 1347 1922 ‹leletae
1389 1897 1519 1921 omnes
1557 1884 1675 1931 eopiae

272 1952 413 1998 sorent;
454 1966 552 1991 nunc
591 1955 789 1992 imminens
830 1969 906 1992 nox
937 1965 972 1992 et
1002 1955 1187 2004 fugientes
1218 1956 1311 1992 texit
1341 1963 1376 1991 et
1405 1954 1588 1991 Romanis
1618 1953 1674 2002 pi-

274 2024 421 2072 gritiem
454 2025 502 2061 ad
532 2026 764 2073 sequendum
796 2027 888 2063 locis
918 2027 1055 2074 ignotis
1085 2026 1184 2062 fecit.

385 2095 549 2131 Perseus
581 2097 630 2132 ad
661 2097 826 2133 Pieriam
858 2097 992 2133 silvam
1024 2097 1087 2132 via
1114 2097 1278 2136 militari,
1308 2095 1495 2143 frequenti
1526 2094 1674 2143 agmine

275 2164 442 2212 equitum
473 2174 509 2201 et
538 2166 643 2214 regio
669 2167 862 2212 comitatu,
892 2167 999 2216 fugit.
1059 2167 1180 2204 Simul
1200 2167 1236 2203 in
1267 2167 1400 2203 silvam
1423 2173 1576 2202 ventum
1607 2173 1673 2209 est,

274 2318 383 2356 XLII,
400 2318 432 2356 2,
451 2323 461 2350 l
481 2318 563 2359 suga
603 2323 621 2349 2
644 2319 719 2350 aliis
733 2339 736 2360 1
749 2318 922 2350 confestim
939 2326 1092 2350 costocus
1110 2318 1179 2349 lac.
1201 2318 1297 2350 Gron.
1346 2318 1378 2354 3,
1395 2321 1413 2348 2
1437 2317 1517 2348 aleae
1532 2317 1672 2356 integris

275 2376 445 2407 habebant
471 2381 490 2408 3
509 2377 796 2417 cedesltcncbant
811 2377 906 2408 oron.
926 2376 1089 2417 {fecerant
1103 2377 1275 2417 sequenda
1311 2375 1342 2414 4,
1359 2379 1377 2406 3
1393 2385 1479 2414 aqua
1504 2380 1523 2406 4
1538 2374 1673 2415 suplici-

274 2440 323 2465 ter
367 2434 398 2473 5,
431 2438 442 2465 l
472 2436 513 2465 ad
541 2435 684 2465 nauibus
733 2438 751 2465 2
780 2441 869 2465 ratos
918 2434 949 2472 6,
977 2439 988 2465 l
1018 2434 1184 2465 hostiliter
1209 2433 1341 2474 scaphis
1368 2433 1537 2463 cederetur
1585 2436 1604 2462 3
1631 2432 1673 2462 ab

272 2492 351 2523 litus
374 2492 378 2532 Ι
401 2493 555 2523 exeuntis
582 2492 798 2523 obterrebant
852 2491 882 2530 7,
909 2496 921 2522 l
951 2492 1173 2523 conueniebat
1198 2491 1342 2522 romanis
1372 2490 1478 2522 W'eiss.
1522 2493 1540 2520 2
1567 2490 1671 2520 aciem

273 2564 291 2592 3
316 2561 357 2591 ad
378 2561 409 2590 ui
429 2561 484 2600 qui
504 2566 522 2591 4
543 2569 574 2591 et
598 2561 680 2601 suga
706 2571 737 2592 u.
760 2572 791 2592 m
817 2561 930 2601 (Hertz
955 2549 1004 2602 tii)
1022 2561 1193 2592 hominum
1214 2560 1330 2602 (Gr-yn.
1351 2569 1368 2590 e
1387 2559 1481 2599 suga)
1530 2558 1562 2596 9,
1577 2562 1596 2589 2
1615 2559 1673 2588 de-

273 2618 348 2649 latae
403 2622 422 2648 3
449 2617 555 2649 ferent
571 2622 575 2661 j
593 2628 687 2650 noxae
712 2619 877 2659 fugientes
932 2618 1061 2657 XLIII,
1079 2618 1109 2656 1,
1130 2622 1141 2648 l
1171 2627 1349 2659 perscsuus
1372 2619 1376 2656 Ι
1398 2617 1486 2647 uiam
1534 2616 1565 2653 2,
1596 2619 1608 2646 l
1638 2616 1671 2645 in

273 2677 360 2707 uiam
386 2677 504 2708 siluam
531 2676 619 2707 Fort.
646 2677 681 2707 in
707 2686 779 2708 eam
806 2677 923 2708 silvam
