1796 2929
485 122 587 153 Liber
611 122 737 154 XLIV.
789 123 849 163 (A.
878 122 957 155 Chr.
990 124 1082 158 168.)
1369 127 1440 160 175

88 245 282 295 Olympio.v
314 246 378 294 qui
408 246 684 282 iusiurandum
716 257 737 281 a
761 246 904 282 Perseo
922 246 1150 293 obsidesque
1173 244 1354 292 exigeret.
1400 242 1496 280 Cum
1530 247 1550 279 4

88 315 219 352 eodem
254 315 301 351 ad
334 315 530 362 pecuniam
564 314 823 363 accipiendam
857 315 960 350 missi
996 322 1096 357 sunt,
1127 321 1175 356 et.,
1209 322 1364 350 auctore
1394 314 1497 350 Pan-

87 386 239 427 taucho,
271 384 334 432 qui
366 384 542 420 Rhodum
575 384 689 431 legati
721 396 804 419 curn
838 384 1116 419 Macedonibus
1147 384 1256 425 irent„
1289 382 1497 420 Parmenio

87 460 121 490 et
146 455 300 490 Morcus
330 453 581 489 destinantur.
627 454 774 500 Quibus
805 453 856 489 ita
889 453 1125 493 mandatum,
1155 460 1208 493 ut,
1239 452 1498 488 iureiurando
1531 454 1551 488 5

87 522 358 570 obsidibusque
392 530 427 558 et
471 523 629 571 pecunia
663 531 835 572 accepta,
884 530 963 559 tum
1006 522 1156 558 demum
1189 523 1366 558 Rhodum
1407 534 1498 570 pro-

87 592 355 628 fis-isoerentur,
431 591 606 628 Duorum
646 592 757 628 simul
798 604 929 640 regum
961 591 1114 627 nomine
1146 591 1295 628 incitari
1325 592 1499 629 Rhodios

87 662 134 698 ad
181 661 319 698 bellum
367 662 583 698 Romanum
627 674 754 710 posse.
837 662 1072 699 Adiunctam
1120 661 1338 704 civitatem,
1381 672 1497 709 penes
1531 661 1552 696 6

87 743 200 779 quam
233 744 346 767 unam
380 737 456 766 tum
490 731 543 766 rei
574 731 723 767 navalis
753 732 875 780 gloria
907 738 1026 771 esset,
1071 743 1140 767 nec
1170 738 1272 767 terra
1302 742 1370 766 nec
1402 730 1499 766 mari

86 812 190 848 spem
221 800 437 835 relicturam
470 802 668 837 Romanis.
716 801 966 837 Venientibus
999 801 1215 850 lllyriorum
1252 801 1378 846 [effatis
1403 801 1498 836 Per·
1532 802 1550 835 7

87 881 192 908 seus,
223 870 272 904 ab
304 869 426 916 Elpeo
458 869 559 905 amni
591 882 637 905 ex
670 870 805 906 castris
837 882 920 905 cum
954 871 1056 906 omni
1088 871 1258 918 equitatu
1291 869 1499 918 profectus.

87 939 133 975 ad
167 938 282 975 Dium
316 939 490 976 occurrit.
556 939 613 975 lbi
645 952 709 981 ea,
738 951 822 987 quae
855 949 1131 983 convenerant,
1162 938 1393 976 circumfuso
1426 940 1550 987 ηις-,8

87 1009 187 1045 mine
218 1008 385 1056 equitum
418 1008 543 1047 fac-ta.
585 1021 681 1056 quos
723 1008 858 1045 adesse
889 1008 1022 1045 foedcri
1053 1011 1209 1046 sam-itae
1239 1021 1322 1045 cum
1356 1009 1498 1045 Gentio

87 1077 280 1115 societatis
312 1078 464 1113 volebat
496 1091 588 1122 rex,
634 1077 870 1125 aliquantum
917 1092 1000 1115 earn
1031 1092 1110 1115 rem
1143 1087 1249 1116 ratus
1284 1078 1497 1114 animorum

86 1148 131 1184 iis
162 1148 410 1184 adiecturam.
477 1148 526 1184 Et
558 1147 708 1183 obsides
739 1148 776 1183 iu
818 1157 1022 1197 conspectu
1053 1150 1221 1185 omnium
1253 1149 1331 1184 dati
1363 1160 1498 1196 accep·
1531 1149 1553 1184 9

85 1217 208 1266 tique,
246 1224 308 1261 et,
347 1216 494 1253 Pellam
527 1217 574 1252 ad
607 1218 807 1253 thesauros
839 1219 965 1267 regios
1001 1219 1151 1261 missis,
1203 1219 1266 1267 qui
1296 1218 1497 1267 pecuniam

87 1287 324 1335 acciperent,
369 1286 432 1334 qui
464 1286 642 1323 Rhodum
674 1287 770 1323 irent
802 1300 886 1323 cum
919 1288 1059 1337 Illyriis
1090 1288 1245 1336 legatis,
1288 1287 1498 1324 Thessalo-

86 1356 180 1392 nicae
213 1356 469 1393 conscendere
498 1356 600 1392 iussi.
665 1357 724 1393 Ibi
760 1358 1003 1394 Metrodorus
1034 1364 1136 1401 erat,
1181 1358 1244 1405 qui
1285 1370 1407 1406 nuper
1449 1357 1498 1393 ab
1536 1359 1580 1394 10

87 1425 225 1462 Rhodo
256 1434 425 1469 venerat,
456 1425 754 1474 auctoribusque
785 1427 939 1463 Dinone
973 1435 1007 1463 et
1038 1427 1275 1476 Polyarato,
1321 1426 1500 1476 principi-

85 1495 156 1531 bus
186 1494 353 1531 civitatis
388 1495 480 1532 eius.
512 1495 755 1532 adfirmabat.
786 1497 959 1532 Rhodios
987 1503 1145 1545 paratos
1176 1497 1223 1533 ad
1242 1497 1380 1534 bellum
1405 1508 1498 1532 esse.

87 1563 124 1600 Is
156 1563 332 1612 princeps
362 1563 498 1599 iunctae
528 1575 611 1600 eum
645 1564 784 1613 Illyriis
814 1565 1016 1613 legationis
1047 1566 1159 1602 datus
1191 1574 1258 1603 est.

196 1633 343 1669 Eodem
375 1639 547 1681 tempore
577 1633 625 1669 ad
656 1634 853 1671 Eumenen
888 1643 922 1671 et
951 1635 999 1671 ad
1017 1636 1250 1672 Antiochum
1283 1634 1501 1670 communia
1558 1627 1611 1672 24

85 1701 279 1746 mandata,
332 1714 416 1750 quae
445 1703 618 1740 subicere
649 1704 822 1740 condicio
856 1718 980 1741 rerum
1013 1713 1186 1754 poterat:
1244 1705 1398 1742 Natura
1432 1704 1501 1740 ini·
1533 1703 1555 1738 2

85 1772 183 1808 mica
212 1771 312 1808 inter
341 1783 382 1807 se
413 1785 495 1809 esse
524 1773 682 1810 liberam
716 1774 909 1811 civitatem
942 1781 979 1812 et-
1007 1788 1147 1824 regem.
1220 1774 1401 1823 Singulos
1431 1786 1500 1822 po-

85 1969 117 2006 4,
148 1972 161 1999 1
191 1973 262 1999 tum
289 1968 408 1999 eodem
427 1966 495 2008 (De
516 1968 608 1998 missi
636 1970 715 1998 sunt
740 1966 799 2007 cfr.
827 1966 899 1997 Em.
927 1966 1023 2006 341.)
1062 1971 1079 1998 2
1106 1967 1299 2008 panthauco
1335 1971 1354 1998 3
1382 1967 1500 1997 rodum

86 2042 105 2069 4
132 2037 323 2068 destinatur
352 2036 450 2069 Gron.
514 2037 546 2071 5,
575 2040 593 2066 2
621 2023 910 2077 ρτοῦέοίεοετρῑιπ
966 2035 998 2068 6.
1028 2039 1045 2066 2
1074 2045 1148 2066 esse
1199 2034 1229 2068 7.
1260 2039 1272 2066 l
1303 2036 1500 2077 inlyriorum

84 2104 224 2136 perseus
257 2094 328 2136 My.
361 2093 435 2126 Em.
462 2092 538 2125 572
564 2093 686 2135 (Gryn.
714 2092 838 2133 Illyriis
864 2092 1023 2131 Perseus)
1074 2096 1092 2124 2
1119 2092 1251 2133 enipeio
1278 2092 1349 2133 My.
1380 2094 1499 2135 (Gr-yn.

86 2152 233 2194 Enipeo)
255 2155 261 2193 1
283 2162 360 2183 eum
386 2152 476 2182 amni
502 2162 601 2192 supra
626 2150 742 2192 scripto
769 2160 788 2181 o
836 2150 868 2184 8.
900 2153 912 2181 1
943 2157 1176 2182 conuenerunt
1196 2149 1309 2188 Gron„
1338 2150 1501 2182 Em.572

87 2225 106 2252 2
133 2221 251 2252 soederi
285 2221 401 2252 sancio
461 2225 481 2251 4
508 2221 535 2252 is
597 2220 636 2253 9.
667 2223 679 2250 l
711 2220 906 2261 acceptique
934 2219 1068 2260 expelle
1125 2223 1143 2250 2
1170 2226 1346 2251 tensam-os
1406 2223 1426 2251 3
1453 2220 1502 2251 in·

85 2278 166 2319 lyris
187 2279 192 2317 Ι
215 2277 425 2309 tessalonicae
481 2282 501 2308 4
528 2277 645 2308 iussib:
683 2278 898 2308 metrodorus
954 2276 1016 2319 10,
1044 2280 1062 2307 2
1090 2277 1191 2308 dione
1221 2276 1319 2309 Gron.
1346 2289 1361 2309 e
1387 2277 1497 2320 Polyb.

85 2333 294 2376 compluribus
319 2334 417 2373 locis‚·
441 2336 501 2376 cfr.
533 2335 608 2366 Lc'v.
636 2346 662 2366 c.
691 2334 750 2372 29,
787 2334 825 2372 7,·
860 2333 981 2370 XLV,
1016 2334 1075 2371 22,
1104 2333 1152 2374 91
1174 2335 1341 2376 poliarato
1399 2339 1419 2366 3
1446 2345 1500 2366 ro-

86 2394 158 2425 dios
179 2395 184 2433 1
207 2399 294 2424 esset
320 2394 359 2424 iis
383 2393 539 2434 princeps
570 2399 763 2424 tunctecum
798 2392 929 2433 inlyriis
976 2392 1117 2429 XXIV,
1153 2392 1192 2430 1,
1221 2396 1233 2424 l
1269 2392 1367 2435 Gryn.
1395 2399 1430 2424 et
1458 2393 1500 2424 ad

86 2450 185 2482 Eum.
202 2453 247 2490 (et
258 2450 303 2481 sic
318 2450 379 2490 H.)
400 2453 405 2489 Ι
428 2450 622 2481 anthiocum
665 2454 684 2480 2
712 2448 754 2481 δι’
777 2449 855 2481 nihil
878 2448 987 2487 aliud,
1024 2449 1142 2481 excidit
1176 2451 1299 2481 verbum
1325 2452 1502 2490 (mandata

87 2508 193 2546 data).
255 2506 325 2539 Sed
349 2519 473 2545 vereor,
507 2519 543 2538 ue
569 2507 685 2539 Livius
715 2506 834 2548 leyatos
867 2508 976 2538 missos
1008 2506 1123 2539 dixerit
1152 2514 1182 2539 et
1208 2514 1324 2550 proeter
1348 2514 1501 2549 separata

85 2563 240 2596 mandata
266 2565 441 2596 communia
472 2564 618 2606 quaedam
653 2564 743 2596 daca.
817 2564 895 2602 Quae
929 2576 950 2596 a
983 2565 1001 2606 ξ
1027 2565 1051 2597 2
1083 2565 1130 2596 ad
1158 2565 1180 2598 6
1205 2572 1416 2607 exponuntur,
1456 2564 1503 2597 ad

86 2621 270 2652 Antiochum
282 2623 410 2663 proprie
433 2623 596 2663 pertinere.
624 2621 782 2653 ostendere
808 2621 954 2653 videntur
979 2629 1117 2654 extrema
1141 2625 1246 2655 verba.
1297 2623 1328 2660 2,
1346 2629 1363 2655 2
1391 2624 1498 2655 libera
