1753 2934
484 132 585 162 Liber
608 131 717 163 XLV.
765 132 829 169 (A.
853 130 932 161 Chr.
961 134 1054 170 168.)
1336 132 1409 165 2¹7

63 263 190 291 tamen
220 256 311 298 haec,
341 255 422 291 sive
459 267 586 290 errore
616 254 783 290 humano
814 265 879 289 seu
918 266 1009 289 casu
1041 265 1106 289 seu
1137 253 1384 295 necessitate,
1414 252 1469 287 in-

64 324 246 369 ciderunt,
279 325 419 361 bonum
451 325 617 360 animum
648 324 764 365 habe3
798 324 1000 359 multorum
1024 336 1154 371 regum
1180 330 1211 358 ec
1242 323 1468 371 populorum

65 395 216 432 casibus
247 395 400 443 cognita
430 394 560 442 populi
591 394 755 430 Romani
786 393 987 429 clementia
1019 407 1093 429 non
1130 394 1242 430 modo
1263 406 1368 441 spem
1390 392 1468 435 tibi„

65 465 131 501 sed
160 478 280 513 prope
311 472 452 500 certam
487 465 663 500 fiduciam
696 464 829 499 salutis
861 465 1042 511 praebet.“
1110 464 1202 499 lIaec
1225 463 1362 499 Graeco
1392 475 1468 498 ser·
1502 464 1522 496 6

66 546 178 570 mone
205 534 355 577 Persei3
396 535 532 570 Latine
562 535 698 570 deinde
727 534 805 569 suis
836 533 1088 582 „Exemplum
1122 534 1267 581 insigne
1299 532 1471 569 cernitis“

65 605 188 653 inquit
227 605 470 647 „mutationis
511 617 635 640 rerum
675 605 940 640 humanarum.
1021 604 1142 639 Vobis
1182 605 1253 639 hoc
1283 603 1472 651 praecipue

67 676 166 720 dico,
195 675 362 713 iuvenes,
447 676 540 711 Ideo
585 676 622 711 in
668 675 842 711 secundis
883 675 994 710 rebus
1032 674 1124 710 nihil
1161 675 1197 710 in
1241 686 1469 721 quemquam

66 747 229 794 superbe
273 757 317 781 ac
364 745 550 782 violenter
593 745 790 782 consulere
834 745 941 780 decet
986 757 1054 780 neo
1098 743 1274 792 praesenti
1318 742 1472 778 credere

67 815 254 857 fortunae,
302 827 410 857 cum,
457 816 547 863 quid
578 828 715 863 vesper
743 816 861 859 ferat‚
911 815 1095 851 incertum
1126 814 1186 850 sit.
1252 814 1290 849 Is
1321 813 1470 848 demum

68 885 127 922 vir
156 886 245 929 erit,
283 886 388 922 cuius
419 886 585 921 animum
624 898 745 932 neque
782 897 969 933 prospera
998 886 1088 920 flatu
1120 896 1189 920 suo
1221 882 1377 918 efferent
1406 894 1473 917 nec

69 956 233 992 adversa
260 956 502 1004 infringent.··
537 954 705 992 Consilio
727 955 896 998 dimisso,
926 955 1054 990 tuendi
1077 966 1168 990 cura
1189 953 1289 1001 regis
1307 951 1351 998 Q.
1365 951 1473 988 AElio

69 1027 283 1064 mandatur.
346 1026 405 1062 Eo
436 1026 497 1062 die
527 1033 563 1062 et
591 1026 772 1061 invitatus
803 1026 851 1061 ad
881 1025 1073 1061 consulem
1106 1025 1269 1060 Perseus
1313 1030 1349 1059 et
1379 1022 1474 1057 alius

70 1097 192 1133 omnis
223 1097 256 1133 ei
285 1097 408 1132 honos
439 1096 592 1132 habitus
624 1103 691 1141 est,
722 1096 786 1143 qui
807 1095 941 1132 haberi
971 1095 1008 1131 in
1039 1095 1106 1131 tali
1135 1094 1289 1131 fortuna
1311 1102 1471 1142 poterat.

68 1167 272 1203 Exercitus
302 1168 436 1203 deinde
468 1167 506 1202 in
538 1167 698 1203 hiberna
736 1166 914 1202 dimissus
944 1173 1010 1203 est.
1082 1166 1294 1201 Maximam
1326 1172 1472 1212 partem

67 1237 263 1285 copiarum
295 1238 562 1286 Amphipolis,
592 1237 758 1284 reliquas
789 1236 1014 1284 propinquae
1042 1237 1154 1272 urbes
1186 1243 1424 1284 acceperunt.

176 1307 252 1344 Hic
288 1309 373 1344 finis
423 1307 530 1352 belli,
578 1320 662 1343 cum
703 1307 991 1355 quadriennium
1034 1307 1251 1342 continuum
1293 1306 1474 1342 bellatum

68 1384 188 1421 esset,
231 1377 328 1412 inter
368 1377 564 1412 Romanos
605 1388 650 1411 ac
690 1377 835 1412 Persea
864 1377 957 1415 fuit„
1006 1377 1183 1424 idemque
1225 1377 1309 1413 finis
1347 1375 1474 1424 inclyti

68 1459 137 1494 per
172 1446 339 1495 Europae
387 1445 610 1494 plerumque
645 1447 770 1494 adque
800 1448 935 1484 Asiam
981 1460 1130 1483 omnem
1161 1447 1279 1495 regni.
1359 1447 1473 1483 Vice-

67 1517 202 1553 simum
257 1517 305 1552 ab
345 1514 517 1561 Carano,
563 1517 626 1564 qui
678 1518 822 1566 primus
865 1526 1062 1566 regnarat,
1106 1519 1252 1554 Persea
1296 1530 1472 1553 numera-

67 1588 172 1623 bant.
237 1588 403 1624 Perseus
435 1586 481 1633 Q.
512 1587 670 1631 Fulvio,
706 1588 754 1624 L.
785 1588 933 1625 Manlio
972 1587 1190 1624 consulibus
1219 1599 1379 1635 regnum
1410 1599 1473 1623 ac-

68 1658 191 1705 cepit3
223 1670 246 1692 a
274 1665 408 1693 senatu
438 1670 506 1692 rex
536 1665 592 1693 est
623 1658 836 1706 appellatus
867 1659 921 1696 M.
950 1658 1084 1699 Iunio,
1127 1661 1177 1694 A.
1207 1658 1353 1694 Manlio
1383 1670 1472 1694 con-

67 1726 234 1771 sulibus;
282 1727 459 1775 regnavit
487 1728 660 1763 undecim
693 1740 828 1767 annos,
907 1727 1162 1764 Macedonum
1190 1741 1277 1775 qens
1309 1729 1472 1764 obscura

69 1797 274 1833 admodum
304 1797 410 1833 fama
444 1810 563 1845 usque
593 1798 641 1833 ad
671 1799 891 1847 Philippum
907 1800 1087 1846 Amyntae
1116 1799 1234 1834 filium
1264 1799 1356 1842 fuit3
1385 1799 1472 1835 inde

68 1879 114 1904 ac
143 1880 211 1915 per
240 1880 325 1903 eum
356 1880 526 1904 crescere
558 1880 643 1904 cum
675 1868 871 1916 coepisset,
910 1869 1078 1916 Europae
1108 1881 1149 1904 se
1178 1878 1306 1905 tamen
1336 1869 1472 1905 finibus

67 1937 273 1979 continuit..
316 1936 506 1974 Graeciam
538 1950 687 1973 omnem
722 1946 758 1974 et
787 1946 934 1986 partem
966 1938 1139 1974 Threciae
1176 1939 1302 1987 adque
1330 1939 1471 1987 lllyrici

67 2008 259 2055 amplexa.
320 2006 544 2055 Superfudit
573 2007 708 2043 deinde
738 2020 778 2044 se
811 2009 849 2044 in
882 2007 1037 2051 Asiam,
1071 2016 1103 2042 et
1138 2009 1316 2045 tredecim
1350 2009 1469 2048 annis,

67 2186 87 2212 2
114 2183 332 2213 incenderunt
380 2186 398 2212 3
426 2192 541 2221 regum
559 2183 758 2222 populorum
776 2182 906 2224 A'reyss.
948 2188 966 2212 4
994 2184 1092 2213 modo
1111 2184 1222 2223 specio
1241 2183 1301 2214 tibi
1351 2186 1368 2212 5
1388 2192 1472 2223 prae-

66 2241 164 2271 betur
209 2240 241 2277 6,
272 2243 282 2270 l
313 2249 467 2270 sermone
493 2249 551 2270 seu
578 2250 656 2271 casu
681 2250 800 2281 perscx
825 2241 938 2271 latiuae
963 2241 1094 2279 (Persei
1112 2240 1195 2281 My„
1215 2241 1310 2282 Gryn.
1326 2240 1470 2279 Perseo)

66 2301 86 2329 3
111 2298 228 2338 inquid
277 2302 298 2327 4
323 2299 462 2328 iuuenes
487 2298 514 2328 si
535 2298 615 2328 deos
640 2298 674 2328 iu
715 2302 732 2328 5
761 2308 901 2339 superne
951 2301 968 2328 6
991 2308 1114 2339 uespes
1175 2298 1205 2335 7,
1233 2303 1250 2328 2
1278 2308 1436 2339 prospere
1464 2308 1468 2325 τ

66 2355 192 2387 effleret
217 2354 288 2396 My.
316 2354 435 2396 (Gryn.
464 2354 597 2394 efferet)
654 2359 672 2386 3
700 2356 862 2386 aduersae
888 2355 1070 2395 infringeut
1104 2356 1226 2397 (Gt-yn.
1254 2356 1433 2396 infringet)
1463 2354 1465 2393 j

65 2414 219 2454 regisque
244 2413 318 2443 aelio
383 2412 415 2450 8,
450 2416 460 2443 l
499 2413 670 2444 consulem
704 2421 737 2443 et
768 2424 927 2454 pei-seusu
964 2414 1049 2444 alius
1116 2419 1133 2444 2
1173 2414 1232 2449 (H.
1272 2415 1379 2445 omnis·
1422 2416 1468 2453 et)

65 2481 129 2519 IX,
156 2482 187 2519 1,
218 2486 231 2513 1
261 2482 448 2513 maximum
505 2485 522 2512 2
551 2473 750 2523 ampipolpis
771 2483 776 2522 Ι
799 2483 983 2524 propinque
1031 2484 1063 2521 2,
1113 2487 1132 2514 3
1161 2483 1225 2523 (Η.
1255 2484 1382 2523 astam)
1437 2483 1470 2517 3,

69 2543 83 2570 l
113 2541 334 2570 uicensimum
379 2543 397 2569 2
418 2540 582 2578 regnabat
608 2539 679 2581 My.
709 2541 823 2582 (Gryn.
852 2541 1019 2580 regnavit)
1050 2544 1053 2564 '—
1082 2542 1347 2572 numerabuntur
1391 2545 1410 2572 3
1437 2551 1468 2581 q.

65 2596 171 2628 fuluio
197 2597 322 2628 manlio
349 2607 440 2628 cons.
490 2602 510 2627 4
536 2604 624 2628 esset
683 2597 715 2632 4.,
753 2603 763 2628 l
798 2599 1019 2629 macedonum
1045 2600 1188 2630 obscura
1210 2598 1281 2640 My.
1309 2599 1381 2630 Em.
1398 2598 1471 2629 596

65 2659 86 2685 4
112 2655 318 2686 coutinuitur
339 2656 345 2694 Ι
367 2656 477 2685 treciae
492 2654 609 2696 (Gryn.
630 2655 797 2689 Thraciae)
847 2656 878 2692 ἵ),
899 2659 912 2686 1
942 2656 1107 2697 superfuit
1127 2658 1132 2697 !
1155 2667 1261 2688 annos

1507 810 1523 842 *l

1508 1298 1528 1332 (Φ
