1742 2902
186 2157 231 2191 to

319 149 340 184 S
685 148 785 178 Liber
809 146 902 177 XLI.
955 145 1018 186 (A.
1046 156 1076 176 n.
1105 156 1131 177 c.
1161 147 1258 188 577).

371 269 538 306 Comitia
580 269 714 305 deinde
760 269 903 305 habita.
1001 269 1187 306 Consules
1235 270 1351 306 creati
1399 268 1441 306 C.
1488 269 1671 308 Claudius

224 338 437 381 .Pulcher,
476 338 537 373 Ti.
571 339 820 386 Sempronius
860 338 1083 384 Gracchus,
1121 346 1157 375 et
1196 347 1352 387 postero
1391 339 1452 375 die
1490 347 1671 387 praetores

258 407 351 444 facti
392 408 436 443 P.
466 406 596 444 Aelius
633 409 790 445 Tubero
832 409 991 452 iterum,
1032 408 1075 446 C.
1107 408 1307 455 Quinctius
1339 409 1596 453 Flamininus,
1627 408 1670 446 C.

258 476 479 520 Numisius,
530 478 573 515 L.
606 478 835 523 Mummius,
882 478 950 515 Cn.
987 478 1186 515 Cornelius
1224 480 1376 526 Scipio,
1420 478 1461 516 C.
1492 479 1672 515 Valerius

260 546 451 584 Laevinus.
524 547 719 583 Tuberoni
766 548 915 584 urbana
958 549 1190 590 iurisdictio,
1246 548 1424 595 Quinctio
1470 549 1672 597 peregrina

259 615 406 659 evenit,
442 616 620 652 Numisio
661 617 814 662 Sicilia,
856 618 1043 653 Mummio
1086 618 1287 661 Sardinia3
1326 619 1392 654 sed
1433 631 1479 654 ea
1516 626 1673 667 propter

258 685 346 721 belli
378 687 675 734 magnitudinem
710 687 909 735 provincia
939 687 1150 723 consularis
1182 687 1305 731 facta;
1338 686 1559 736 [Gracchus
1587 700 1671 724 eam

259 756 436 795 sortitur.
477 757 662 792 Histriam
695 755 917 806 Claudius3]
963 756 1092 804 Scipio
1125 765 1160 793 et
1195 758 1369 793 Laevinus
1401 757 1594 801 Galliam,
1635 757 1672 793 in

259 826 355 862 duas
387 826 548 862 divisam
582 827 813 875 provincias,
843 826 967 861 sortiti
999 833 1097 861 sunt.
1145 828 1277 863 Idibus
1309 827 1473 869 Martiis,
1505 840 1580 875 quo
1612 827 1673 864 die

259 895 510 944 Sempronius
541 896 802 944 Claudiusque
842 896 1081 932 consulatum
1122 897 1308 941 inierunt,
1352 897 1492 934 mentio
1525 904 1671 934 tantum

260 965 306 1001 de
344 967 551 1014 provinciis
583 967 762 1002 Sardinia
793 966 1018 1013 Histriaque
1059 973 1095 1002 et
1140 968 1337 1015 utriusque
1375 968 1548 1003 hostibus
1590 967 1672 1013 fuit,

261 1036 324 1083 qui
351 1037 386 1071 in
420 1036 477 1071 his
508 1036 714 1084 provinciis
754 1036 892 1072 bellum
935 1036 1199 1073 concivisseut.
1272 1039 1434 1073 Postero
1466 1038 1527 1073 die
1557 1038 1673 1086 legati

259 1105 486 1151 Sardorum,
514 1106 576 1154 qui
609 1107 656 1142 ad
688 1118 809 1142 novos
842 1106 1088 1154 magistratus
1119 1107 1225 1142 dilati
1256 1115 1383 1150 erant,
1415 1114 1447 1143 et
1480 1108 1522 1143 L.
1547 1108 1672 1143 Minu-

258 1175 338 1211 cius
360 1176 564 1219 Thermus,
597 1177 659 1223 qui
692 1177 840 1224 legatus
872 1177 991 1212 Manli
1023 1177 1188 1212 consulis
1219 1177 1254 1212 in
1287 1177 1436 1213 Histria
1466 1177 1604 1222 fuerat,
1635 1178 1672 1214 in

259 1252 434 1281 senatum
465 1246 579 1281 venit.
631 1247 694 1282 Ab
725 1246 782 1282 his
814 1246 970 1281 edoctus
1003 1252 1059 1282 est
1086 1254 1253 1291 senatus,
1286 1254 1468 1294 quantum
1504 1247 1589 1283 belli
1621 1259 1674 1284 eae

259 1315 468 1364 provinciae
497 1317 693 1353 haberent.
753 1317 959 1351 Moverunt
998 1324 1169 1351 senatum
1210 1323 1244 1351 et
1286 1316 1496 1364 legationes
1527 1317 1671 1353 socium

259 1386 424 1422 nominis
457 1386 602 1429 Latini,
642 1398 725 1433 quae
756 1393 791 1422 et
823 1397 1000 1421 censores
1031 1393 1067 1420 et
1097 1386 1243 1434 priores
1275 1385 1450 1422 consules
1484 1386 1673 1435 fatigave-

261 1463 360 1500 rant,
391 1456 544 1492 taudem
576 1456 612 1491 in
639 1463 812 1491 senatum
840 1455 1077 1492 introductae.
1131 1456 1291 1492 Summa
1318 1455 1557 1503 querelarum
1584 1464 1678 1504 erat,

261 1525 362 1561 cives
394 1537 484 1561 suos
509 1527 641 1562 Romae
667 1538 801 1561 censos
827 1526 1031 1574 plerosque
1056 1527 1218 1562 Romam
1249 1526 1541 1573 commigrasse3
1575 1529 1677 1575 quod

260 1595 291 1631 si
330 1596 590 1643 permittatur,
631 1596 833 1643 perpaucis
873 1595 1001 1630 lustris
1032 1595 1221 1640 futurum,
1261 1602 1302 1631 ut
1341 1596 1492 1632 deserta
1523 1598 1678 1645 oppida,

262 1664 399 1700 deserti
431 1665 513 1714 agri
554 1665 697 1700 nullum
738 1665 892 1701 militem
935 1665 1028 1700 dare
1062 1665 1221 1712 possint.
1292 1665 1489 1713 Fregellas
1523 1680 1679 1715 quoque

262 1735 367 1770 milia
411 1735 468 1770 lv
513 1735 744 1772 familiarum
799 1735 980 1770 transisse
1036 1735 1083 1770 ab
1138 1747 1198 1778 se,
1258 1734 1450 1771 Samnites
1505 1737 1678 1785 Peligni-

263 1815 336 1850 que
370 1804 649 1850 querebantur,
680 1817 802 1852 neque
832 1817 877 1840 eo
909 1804 1032 1839 minus
1063 1811 1129 1838 aut
1158 1805 1228 1840 hos
1259 1812 1325 1840 aut
1354 1805 1439 1840 illos
1469 1806 1505 1841 in
1539 1807 1677 1843 dilectu

263 1873 421 1908 militum
461 1874 564 1910 dare.
641 1874 798 1911 Genera
838 1881 964 1909 autem
1004 1872 1152 1909 fraudis
1189 1874 1264 1909 duo
1309 1875 1499 1910 mutandae
1537 1876 1677 1912 viritim

262 1943 428 1979 civitatis
458 1943 612 1980 inducta
643 1951 762 1980 erant.
838 1944 919 1979 Lex
950 1943 1063 1978 sociis
1096 1941 1180 1991 [ac]
1220 1943 1383 1978 nominis
1425 1944 1573 1989 Latini,
1615 1945 1679 1992 qui

263 2013 420 2061 stirpem
460 2026 507 2050 ex
549 2026 631 2050 sese
664 2013 767 2050 domi
807 2013 1084 2059 relinquerent,
1131 2012 1268 2055 dabat,
1311 2019 1351 2048 ut
1384 2012 1485 2048 cives
1513 2014 1678 2050 Romani

264 2084 408 2119 fierent.
471 2084 529 2120 Ea
560 2084 644 2132 lege
675 2084 775 2120 male
806 2083 946 2119 utendo
979 2082 1042 2117 alii
1073 2082 1200 2126 sociis,
1231 2082 1294 2117 alii
1326 2082 1468 2130 populo
1502 2083 1678 2120 Romano

263 2152 438 2188 iniuriam
471 2153 675 2190 faciebant.
746 2153 850 2189 Nam
883 2159 940 2197 et,
981 2165 1027 2187 ne
1067 2151 1222 2198 stirpem
1267 2151 1369 2187 domi
1409 2151 1678 2199 relinquerent,

263 2221 404 2258 liberos
445 2235 534 2259 suos
576 2223 854 2271 quibusquibus
885 2221 1070 2258 Romanis
1111 2220 1148 2256 in
1189 2233 1272 2256 eam
1317 2220 1599 2268 condicionem,
1639 2229 1680 2260 ut

265 2292 642 2338 mantunitterentur,
681 2293 871 2341 mancipio
913 2292 1076 2335 dabant,
1119 2290 1359 2337 libertinique
1397 2290 1499 2327 cives
1541 2297 1680 2334 essent,

265 2367 314 2404 et,
345 2361 482 2408 quibus
511 2362 647 2409 stirpes
677 2363 836 2407 deesset,
869 2374 982 2409 quam
1005 2361 1273 2408 relinquerent,
1305 2367 1346 2396 ut
1376 2362 1437 2382 *³⁵
1468 2361 1570 2397 cives
1600 2361 1679 2397 Ro-

265 2484 442 2519 V111,1.2
460 2484 498 2514 T.
517 2483 613 2514 Frob.
630 2483 672 2514 Il
703 2488 721 2514 3
738 2484 921 2514 Flaminius
938 2483 1034 2514 Frob.
1048 2482 1096 2513 II.
1142 2486 1160 2512 4
1176 2481 1214 2513 C.
1234 2482 1419 2513 Mummius
1437 2480 1546 2523 Siqon.
1599 2481 1630 2518 3,
1662 2485 1674 2512 l

276 2541 379 2572 Verba
401 2541 486 2571 uncis
512 2540 631 2571 inclusa
658 2540 823 2572 damnavit
834 2541 940 2572 brak.
1015 2540 1047 2576 5,
1068 2544 1086 2570 2
1103 2546 1207 2575 erant,
1237 2540 1273 2570 L.
1295 2539 1375 2570 Min.
1397 2538 1535 2570 Clericus
1598 2538 1630 2576 6,
1659 2542 1678 2569 2

266 2598 499 2638 fatigaverunt
529 2599 626 2629 (ii-on.
691 2597 720 2634 7,
749 2602 766 2628 4
794 2605 930 2638 possent:
958 2597 1028 2639 My.
1088 2597 1120 2634 8,
1147 2601 1166 2627 3
1194 2597 1227 2627 in
1254 2597 1422 2627 detectum
1449 2595 1540 2627 Dulc.
1598 2595 1631 2633 9,
1659 2598 1678 2625 2

268 2665 309 2686 ac
335 2656 454 2686 notat-it
478 2655 586 2685 Dralc.
639 2655 701 2689 10,
730 2660 748 2685 4
778 2662 813 2686 ut
839 2657 928 2687 cives
960 2655 1123 2686 Lacunam
1150 2653 1305 2685 indicavit
1334 2653 1422 2685 Creu.
