1753 2934
547 127 620 159 Lib.
648 126 1058 159 LXXXv—LXXXIX.
1402 129 1447 163 61

598 259 660 290 EX
686 259 771 289 Lm.
800 258 927 289 LXXX
937 258 1012 289 VII.

201 335 297 367 Sulla
324 334 361 366 C.
390 335 553 366 Marium.
589 337 737 366 exercitu
771 336 843 365 eius
877 334 948 365 suso
981 334 1158 373 deletoque
1193 333 1234 362 ad
1269 331 1511 372 Sacriportum,

106 396 137 426 in
174 397 296 437 oppido
331 396 499 427 Praeneste
535 397 685 433 obseditss.
726 397 841 426 urbem
873 396 1013 426 Romam
1046 405 1087 425 ex
1122 394 1330 424 inimieorum
1359 393 1511 423 manibus

106 458 241 498 recepit.
293 457 436 488 Marium
465 467 639 498 erumpere
672 464 854 488 tentantem
888 456 1018 497 repulit.
1071 454 1237 485 Praeterea
1265 464 1314 484 res
1344 464 1364 483 a
1390 453 1512 491 legatis

106 519 177 550 eius
203 519 320 549 cadem
350 519 471 558 ubique
498 518 634 549 fortuna
660 519 803 559 partium
832 525 945 557 gest-cis
971 516 1131 547 continet.

595 610 656 640 Ex
684 611 771 642 LIB.
802 609 1028 642 LXXXVIII.

202 686 296 717 Sulla
314 686 515 723 Carbonem,
544 685 650 729 [cum]
680 688 828 719 exercitu
856 688 895 718 :ul
923 685 1086 720 Clusium,
1113 685 1152 714 ad
1173 682 1368 714 Faventiam
1388 681 1512 712 Fiden-

107 750 253 789 tiamque
273 757 368 784 caeso,
388 746 486 777 Italia
504 748 642 788 expulit,
670 759 744 779 eum
762 748 978 783 Samnitibus,
1007 747 1062 786 qui
1083 745 1144 775 soli
1171 755 1213 774 cx
1230 743 1356 774 Italicis
1383 742 1513 783 populis

107 810 255 841 nondum
283 818 376 839 arma
402 815 601 849 posuerant,
639 811 733 841 iuxta
758 810 874 840 urbem
903 810 1044 839 Romam
1082 815 1158 837 unte
1188 812 1317 846 portam
1345 803 1513 836 Collinum

108 870 302 902 debellavit.
329 876 593 911 recuperataque
614 880 646 901 re
667 871 812 912 publica,
839 869 1096 911 pulcherrimam
1119 867 1290 898 victoriam
1307 867 1513 904 erudelitate,

109 939 234 973 quanta
261 932 292 961 in
319 931 413 962 nullo
438 931 614 962 hominum
641 932 712 966 suit,
748 932 944 971 inquinavit.
993 922 1083 961 ὙἸΙΙ
1111 929 1344 961 dediticiorum
1380 929 1412 958 in
1438 927 1516 958 villa

107 993 246 1034 publica
285 992 482 1029 trucidavit,
525 993 674 1024 tabulam
710 993 962 1034 proscriptionis
1004 991 1134 1031 posuit,
1178 991 1295 1021 urbem
1334 1000 1373 1020 ac
1411 996 1514 1020 totam

107 1053 242 1085 Italiam
273 1054 419 1084 caedibus
448 1054 606 1094 replevit,
646 1055 731 1085 inter
757 1064 839 1095 quas
866 1064 981 1084 omnes
1007 1053 1233 1083 Praenestinos
1264 1052 1408 1081 inermes
1435 1061 1516 1082 con-

108 1116 173 1147 cidi
193 1116 302 1151 iussit,
329 1115 487 1151 Marium,
514 1117 669 1146 senatorii
690 1115 815 1146 ordinis
833 1115 949 1151 virum,
977 1113 1130 1144 cruribus
1154 1112 1365 1152 brachiisque
1391 1111 1514 1149 fractis,

108 1177 246 1208 auribus
272 1177 442 1217 praesectis
469 1182 500 1206 et
527 1176 657 1208 effossis
685 1177 802 1207 oculis.
837 1177 977 1207 necavit.
1039 1174 1076 1206 C.
1105 1173 1233 1205 Marius
1258 1173 1429 1204 Praenesto
1456 1173 1516 1203 ob-

108 1247 221 1270 sessus
257 1248 276 1268 a
302 1238 460 1268 Lucretio
488 1237 616 1275 Ofella,
651 1237 866 1269 Sullanarum
902 1238 1045 1278 partium
1080 1237 1169 1273 viro,
1207 1244 1308 1274 quum
1341 1244 1398 1275 per
1423 1235 1515 1265 cuni-

109 1299 221 1331 culum
249 1305 400 1339 eaptaret
425 1300 565 1330 evadere
592 1304 732 1340 saeptum
764 1300 932 1332 exercitu.
970 1304 1113 1329 mortem
1140 1296 1300 1327 conscivit
1328 1294 1355 1337 [ς
1394 1296 1427 1327 id
1453 1302 1516 1335 est,

109 1362 143 1392 in
168 1362 241 1401 ipso
268 1360 441 1397 cuniculo,
478 1371 580 1401 quum
610 1362 750 1392 sentiret
781 1371 814 1392 se
841 1361 981 1391 evadere
1007 1370 1074 1391 non
1100 1370 1216 1400 posse,
1255 1368 1329 1389 cum
1357 1358 1517 1390 Telesino

109 1423 197 1463 sugae
224 1422 346 1453 comite
372 1423 487 1453 stricto
514 1423 669 1463 utrinque
695 1423 810 1463 gladio
838 1422 1027 1457 concurrit3
1072 1431 1170 1460 quem
1200 1430 1301 1460 quum
1329 1420 1516 1457 occidisset,

109 1484 179 1524 ipse
206 1484 339 1514 saucius
366 1483 556 1523 impetravit
581 1494 601 1514 a
626 1493 737 1519 servo,
774 1489 808 1514 ut
835 1493 868 1515 se
894 1481 1089 1524 occideret].

614 1589 677 1620 EX
704 1590 791 1621 LIB.
817 1589 1016 1621 LXXXIX.

206 1665 253 1696 M.
280 1665 406 1696 Brutus
442 1677 463 1696 a
495 1664 557 1696 Cn.
585 1665 721 1706 Papirio
750 1665 921 1703 Carbone,
961 1665 1085 1705 quicum
1115 1663 1299 1695 Cossuram
1335 1663 1518 1704 appulerat,

110 1726 232 1757 missus
258 1735 343 1756 nave
368 1726 549 1766 piscatoria
576 1727 772 1767 Lilybaeum.
805 1734 841 1758 ut
867 1727 1074 1767 exploraret,
1102 1736 1144 1757 an
1171 1726 1215 1756 ibi
1244 1726 1310 1756 iam
1337 1725 1519 1766 Pompeius

110 1794 208 1823 esset,
237 1792 269 1817 et
290 1787 536 1819 circumventus
562 1789 718 1825 navibus,
751 1799 833 1829 quas
857 1789 1040 1831 Pompeius
1066 1789 1220 1825 miserat,
1247 1787 1281 1817 in
1307 1796 1342 1817 se
1367 1786 1521 1816 mucroni

110 1858 205 1880 verso
231 1849 273 1879 ad
300 1847 480 1880 transtrum
507 1850 602 1880 navis
629 1849 774 1882 obnixus
793 1852 943 1892 corporis
961 1851 1108 1892 pondere
1126 1849 1289 1880 incubuit.
1343 1847 1405 1880 Cn.
1420 1847 1520 1878 Pom-

111 1910 207 1951 peius
244 1910 277 1940 in
305 1910 454 1942 Siciliam
493 1920 566 1941 cum
600 1911 740 1952 imperio
778 1923 797 1942 a
833 1918 951 1944 senatu
980 1912 1100 1942 missus
1129 1910 1189 1941 Cn.
1219 1908 1426 1945 Carbonem,
1465 1908 1521 1948 qui

111 1972 194 2004 flens
225 1972 432 2003 muliebriter
457 1978 598 2003 mortem
625 1972 720 2010 tulit,
761 1979 894 2014 captum
926 1973 1060 2005 occidit.
1114 1972 1209 2004 Sulla
1235 1971 1377 2001 dictator
1401 1969 1522 2007 factus,

112 2032 202 2073 quod
233 2042 331 2063 nemo
368 2043 515 2074 unquam
546 2033 691 2069 fecerat,
725 2043 800 2064 cum
828 2033 976 2065 fascibus
1002 2034 1124 2065 XXIV
1150 2033 1323 2074 processit.
1373 2031 1521 2071 Legibus

111 2096 206 2127 novis
239 2096 286 2126 rei
323 2095 468 2136 publicae
506 2101 628 2126 statum
665 2095 892 2133 confirmavit;
931 2095 1138 2126 tribunorum
1177 2095 1284 2135 plebis
1320 2097 1521 2135 potestatem

113 2157 233 2188 minuit
257 2162 290 2188 et
315 2167 412 2188 omne
440 2157 491 2187 ius
517 2157 629 2196 legum
655 2156 870 2188 ferendarum
899 2158 1042 2195 ademit3
1066 2157 1261 2198 pontificum
1287 2163 1522 2194 augurumque

113 2219 293 2259 collegium
307 2218 489 2259 ampliavit,
514 2224 552 2248 ut
569 2218 779 2256 essentXV3
806 2225 959 2249 senatum
986 2227 1030 2248 ex
1049 2219 1194 2257 equestri
1209 2219 1325 2249 ordine
1340 2216 1523 2258 supplevit3

112 2281 377 2321 proscriptorum
402 2279 516 2310 liberis
551 2280 602 2311 ius
628 2280 851 2321 petendorum
876 2280 1041 2310 honorum
1068 2280 1190 2320 eripuit
1219 2287 1252 2311 et
1287 2280 1378 2310 bona
1409 2287 1523 2309 eorum

113 2341 285 2378 vendidit,
318 2351 360 2372 ex
385 2341 506 2381 quibus
540 2341 686 2382 plurima
715 2340 847 2384 [prima]
883 2342 1008 2382 rapuit3
1047 2342 1218 2373 redactum
1252 2346 1304 2372 est
1334 2339 1523 2372 sestertium

114 2408 166 2432 ter
199 2401 322 2432 millies
349 2403 571 2443 quingenties.
639 2401 678 2440 Q.
716 2403 909 2434 Lucretium
944 2402 1089 2434 Ofellam
1123 2404 1282 2434 adversus
1315 2403 1522 2433 voluntatem

115 2473 210 2495 suam
239 2463 451 2495 consulatum
477 2470 590 2505 petere
617 2474 734 2495 ausum
762 2464 857 2495 iussit
883 2465 988 2495 occidi
1014 2465 1048 2494 in
1072 2463 1157 2501 foro,
1195 2470 1228 2495 et
1253 2474 1354 2505 quum
1385 2464 1450 2494 hoc
1474 2464 1523 2493 in-

116 2525 218 2565 digne
250 2524 353 2556 ferret
385 2526 527 2566 populus
554 2526 746 2557 Romanus,
787 2526 944 2556 contione
979 2526 1148 2557 advocata
1181 2535 1216 2557 se
1254 2525 1391 2557 iussisse
1427 2525 1523 2555 dixit.

115 2585 178 2618 Cn.
206 2586 389 2627 Pompeius
415 2587 449 2617 in
471 2587 584 2618 Africa
611 2586 673 2619 Cn.
694 2587 881 2618 Domitium
907 2588 1130 2629 proscriptum
1153 2593 1185 2618 et
1209 2587 1385 2622 Hiarbam,
1411 2595 1523 2626 regem

115 2648 300 2686 Numidiae,
327 2649 454 2679 bellum
481 2649 651 2680 molientes
677 2650 786 2681 victos
813 2650 952 2687 occidit,
977 2654 1009 2679 et
1034 2654 1192 2690 quattuor
1217 2654 1249 2679 et
1274 2649 1391 2687 viginti
1418 2657 1524 2678 annos
