1753 2934
467 138 568 169 Liber
592 137 700 168 XLV.
768 137 829 176 (A.
858 136 936 168 chr.
969 137 1064 176 ιω.)
1330 137 1403 172 237

71 261 232 309 gratiam
267 261 463 305 iniremus,
507 262 554 297 ab
589 261 709 297 altera
739 261 850 297 etiam
885 261 1023 297 crimen
1056 267 1089 295 et
1122 258 1325 307 periculum
1358 264 1466 291 esset.

72 332 313 377 Quamquam
347 331 508 366 Perseus
539 343 626 367 vere
657 331 838 374 obiceret,
880 331 916 366 i‹l
958 330 1060 378 quod
1092 342 1161 365 vos
1195 341 1267 364 non
1301 326 1468 375 potestis,
1501 327 1520 361 ὖ

73 407 200 449 patres
237 401 461 448 conscripti,
504 413 572 436 nos
612 401 796 449 principio
834 400 920 436 belli
952 400 1096 436 misisse
1127 400 1174 435 ad
1210 410 1277 434 vos
1311 398 1468 445 legatos,

73 471 136 518 qui
167 471 433 518 pollicerentur
461 471 582 516 vobis,
614 484 696 519 quae
722 471 770 506 ad
801 471 938 506 bellum
969 482 1064 518 opus
1086 478 1226 506 essent:
1259 467 1469 504 navalibus.

73 540 201 585 armis,
236 540 426 576 iuventute
456 549 598 586 nostra,
628 542 724 577 sicut
752 541 940 589 prioribus
971 539 1091 581 bellis,
1122 540 1168 574 ad
1201 539 1328 574 omnia
1358 550 1469 585 para·

73 616 132 647 tos
165 610 258 646 fore.
323 610 383 646 Ne
414 617 691 658 praestaren‘ms,
722 623 789 659 per
819 622 888 646 vos
918 610 1031 655 stetit,
1063 609 1125 657 qui
1156 610 1201 645 ‹le
1232 619 1470 656 quacumque
1503 608 1523 640 6

74 692 190 716 causa
220 687 298 715 tum
330 680 520 727 aspernati
551 687 681 715 nostru
712 679 855 715 auxilia
885 680 987 717 estis.
1045 680 1181 726 Neque
1214 678 1371 714 fecimus
1402 677 1471 723 igi-

73 758 134 786 tur
172 749 373 797 quicquam
411 757 599 796 tamquam
637 751 763 785 hostes
804 761 925 797 neque
962 750 1147 784 bonorum
1190 748 1376 784 sociorum
1409 748 1472 783 ‹le-

74 820 212 856 fuimus
243 818 380 862 officio,
413 819 478 854 sed
501 832 523 854 a
545 820 651 855 vobis
674 820 852 867 prohibiti
875 826 1055 868 praestare
1076 819 1326 866 nequivimus.
1373 817 1473 865 Quid
1506 819 1524 851 7

74 888 214 938 igitur?
273 889 414 925 nihilne
456 888 598 926 factum
643 902 763 937 neque
808 890 947 925 dictum
991 897 1044 925 est
1083 889 1118 924 in
1152 888 1303 924 civitate
1333 893 1473 925 vestra.

74 960 225 1003 Rhodii,
257 960 358 1007 quod
389 959 548 995 nolletis.
585 972 659 1007 quo
690 960 824 996 merito
855 958 1110 996 offenderetur
1139 958 1301 1006 populus
1332 959 1474 994 Roma-

75 1029 170 1066 nus?
228 1030 300 1066 Hie
341 1029 415 1065 iam
447 1041 542 1073 non,
589 1030 690 1077 quod
720 1030 863 1066 factum
894 1038 968 1075 εει,
1013 1028 1234 1065 defensurus
1267 1041 1344 1064 sum
1382 1029 1474 1074 (non

76 1101 170 1136 adeo
192 1100 368 1146 insanio),
399 1100 464 1136 sed
495 1100 682 1148 publicam
715 1112 869 1136 causam
900 1112 924 1136 a
952 1100 1187 1149 privatorum
1218 1099 1328 1147 culpa
1349 1111 1474 1147 segre-

75 1176 244 1218 gaturus.
303 1169 420 1206 Nulla
451 1176 505 1205 est
535 1169 688 1214 civitas,
726 1183 809 1218 quae
848 1183 923 1206 non
961 1177 995 1206 et
1034 1170 1228 1218 improbos
1266 1170 1366 1206 cives
1405 1169 1471 1204 ali·
1505 1174 1525 1208 S

77 1239 228 1287 quando
273 1246 309 1275 et
347 1240 559 1288 imperitam
606 1239 880 1276 multitudinem
933 1252 1082 1288 semper
1122 1240 1273 1275 habeat.
1347 1239 1473 1275 Etiam
1507 1243 1527 1275 9

77 1315 169 1356 aput
198 1321 268 1344 vos
294 1308 410 1346 fuisse
431 1310 570 1355 audivi,
602 1311 664 1358 qui
687 1310 921 1346 adsentando
944 1309 1170 1346 multitudini
1199 1316 1477 1357 grassarentun

77 1383 114 1414 et
138 1378 338 1414 secessisse
369 1381 575 1428 aliquando
606 1393 629 1416 a
660 1380 769 1416 vobis
799 1380 946 1428 plebem
977 1391 1045 1415 nec
1074 1379 1110 1415 in
1141 1386 1330 1428 potestate
1350 1386 1477 1416 vestra

76 1461 154 1484 rem
178 1449 366 1496 publicam
398 1450 522 1488 fuisse.
586 1450 627 1488 Si
656 1452 727 1487 hoc
757 1451 794 1486 in
824 1452 896 1487 hac
916 1458 993 1487 tam
1029 1452 1123 1486 bene
1144 1457 1293 1486 morata
1323 1450 1474 1486 civitate
1511 1450 1554 1482 Π)

77 1518 248 1555 accidere
279 1520 421 1567 potuit,
464 1520 592 1556 mirari
635 1521 833 1569 quisquam
869 1528 1013 1570 potest,
1052 1520 1201 1568 aliquos
1237 1519 1353 1555 fuisse
1384 1527 1475 1568 aput

77 1601 168 1633 nos,
208 1590 289 1636 qui,
334 1591 430 1638 regis
462 1591 664 1627 amicitiam
705 1597 892 1639 petentes,
930 1592 1079 1640 plebem
1110 1596 1278 1626 nostram
1311 1588 1474 1626 consiliis

77 1659 356 1707 depravarent?
387 1660 451 1707 qui
480 1668 607 1696 tamen
639 1661 729 1697 nihil
759 1662 858 1697 ultra
887 1662 1098 1705 valuerunt,
1130 1673 1242 1708 quam
1276 1666 1316 1695 ut
1345 1659 1383 1695 in
1413 1659 1474 1694 of-

75 1728 160 1765 ficio
201 1741 446 1767 cessaremus.
516 1732 606 1767 Non
647 1732 847 1780 praeteribo
889 1731 945 1775 id,
985 1731 1087 1779 quod
1116 1730 1382 1779 gravissimum
1420 1736 1475 1765 est
1512 1731 1550 1764 11

74 1799 112 1835 in
141 1801 214 1836 hoc
243 1800 342 1836 bello
373 1801 512 1837 crimen
540 1801 702 1838 civitatis
732 1809 882 1840 nostrae.
944 1802 1110 1850 Legatos
1141 1801 1272 1837 eodem
1304 1807 1475 1848 tempore

75 1877 112 1907 et
154 1871 203 1907 ad
235 1883 304 1907 vos
345 1877 379 1907 et
417 1872 466 1908 ad
494 1872 638 1908 Persea
668 1873 714 1908 de
743 1884 837 1920 pace
867 1872 1059 1917 misimus„
1093 1872 1194 1920 quod
1224 1870 1355 1907 infelix
1385 1881 1474 1906 con-

75 1940 199 1976 silium
230 1939 408 1986 furiosus,
437 1947 478 1978 ut
507 1948 641 1991 postea
667 1933 892 1987 audivimus,
923 1948 1054 1979 orator
1083 1941 1343 1978 stultissimum
1373 1939 1473 1984 feeit,

75 2190 94 2217 3
122 2187 163 2217 ab
193 2186 331 2217 alteram
380 2186 411 2222 6,
435 2190 454 2217 2
481 2187 558 2218 estis
584 2187 702 2227 nequis
726 2195 833 2226 neque
871 2186 1082 2226 3quicquam
1110 2190 1177 2214 tam
1204 2184 1316 2216 hostes
1351 2188 1370 2214 4
1396 2193 1472 2224 pro-

74 2244 194 2275 hibitio
216 2245 221 2284 Ι
242 2249 401 2285 praestare
425 2243 549 2276 fuimus
575 2245 654 2285 quid
684 2243 754 2285 My.
783 2243 854 2275 Em.
885 2242 957 2274 602
1010 2242 1041 2282 7,
1069 2246 1088 2272 3
1115 2242 1200 2273 rodii
1248 2246 1268 2272 4
1300 2242 1379 2272 hine
1403 2242 1472 2272 iam

75 2311 163 2332 nunc
189 2302 278 2342 quod
308 2300 405 2344 Gryn.
433 2302 528 2343 (non)
562 2307 591 2333 et
614 2301 721 2332 Drak.
753 2301 838 2342 (hic)
862 2301 867 2341 Ι
889 2299 996 2331 factus
1025 2308 1029 2340 ᾗ
1058 2299 1252 2331 defensurus
1278 2309 1346 2330 non
1393 2298 1425 2337 8,
1456 2303 1469 2330 1

74 2359 203 2390 nullam
228 2365 279 2391 est
304 2358 374 2401 My.
407 2358 505 2401 Gryn.
532 2359 634 2390 Nulla
659 2360 744 2390 enim
772 2365 821 2390 est
841 2357 846 2397 Ι
870 2359 961 2389 ciues
993 2363 1025 2388 et
1049 2357 1229 2397 aliquando
1255 2364 1287 2388 et
1318 2357 1473 2398 imperita

75 2416 106 2455 9,
123 2421 141 2448 2
157 2417 260 2448 auditi
282 2418 287 2457 Ι
309 2418 532 2448 multitudinis
559 2421 578 2448 3
594 2418 779 2448 secessione
817 2416 870 2450 10,
891 2420 902 2446 1
932 2417 965 2446 in
979 2416 1049 2446 haee
1071 2417 1075 2455 l
1097 2422 1279 2446 memorata
1301 2416 1471 2446 ciuitatem

76 2477 94 2505 5
123 2484 280 2506 caesarem
304 2484 372 2506 non
397 2476 444 2506 uti
470 2485 538 2506 non
562 2475 739 2516 praeteriuo
766 2473 825 2514 (Si
848 2472 926 2514 quid
950 2473 1019 2504 hinc
1036 2472 1233 2514 efficiendum
1258 2479 1312 2511 est,
1337 2473 1471 2504 scriben—

77 2530 147 2562 dum
163 2531 393 2574 videripotest:
419 2543 632 2571 cessaremus,
652 2542 717 2563 non
732 2537 768 2562 ut
781 2532 1008 2562 deficeremus.
1045 2530 1122 2562 Non
1138 2532 1331 2572 praeteribo)
1382 2530 1436 2568 11,
1456 2534 1468 2560 1

75 2590 293 2630 grauissimus
341 2594 360 2622 2
375 2596 495 2622 uestrae
518 2590 649 2630 legatos
667 2590 827 2621 eteoclem
879 2593 898 2620 4
913 2588 1071 2620 furiosius
1093 2590 1097 2629 Ι
1120 2590 1226 2620 oratio
1241 2589 1470 2620 stultissimam
