1796 2929
341 143 411 176 170
682 138 784 168 Liber
807 137 933 168 XLIV.
989 138 1052 177 (A.
1083 147 1111 168 u.
1141 147 1168 168 c.
1190 138 1288 177 586.)

204 262 245 296 10
279 261 433 297 abesse,
480 259 568 306 quin
602 266 795 307 poteretur
825 272 942 307 regno
983 259 1291 308 opulentissimo,
1339 260 1549 296 videbatur.
1627 260 1685 296 Ea

202 402 212 434 l

203 671 246 707 12

230 402 240 434 1

199 950 243 986 13

199 1091 211 1125 1

165 1362 219 1407 20

223 1091 243 1124 4

222 1576 242 1611 [ὗ

279 328 392 376 legati
426 335 626 374 querentes
653 329 817 364 orabant
847 337 1046 373 senatum,
1087 336 1126 365 ut
1158 342 1268 378 opem
1306 342 1424 378 regno
1458 329 1686 377 regibusque

278 397 410 433 amicis
441 397 601 445 imperio
632 397 786 434 ferrent.
861 399 921 435 Ea
953 398 1088 434 merita
1117 399 1247 447 populi
1285 399 1449 436 Romani
1479 399 1516 434 in
1548 398 1686 435 Antio-

277 466 402 508 chum,
434 480 517 503 eam
550 474 643 516 aput
674 480 805 504 omnes
835 480 943 515 reges
974 476 1182 515 gentesque
1214 469 1477 505 auctoritatem
1510 480 1605 508 esse,
1636 473 1686 507 ut,

277 534 307 569 si
339 534 487 582 legatos
521 537 723 579 misissent,
755 538 818 585 qui
849 538 1128 581 denuntiarent,
1160 551 1233 573 non
1265 538 1415 586 placere
1436 537 1597 581 senatui,
1626 548 1687 572 so-

277 603 344 639 ciis
384 606 538 653 regibus
581 607 719 642 bellum
751 606 852 643 fieri.
903 606 1095 653 extemplo
1143 608 1389 643 abscessurus
1434 620 1458 642 a
1502 606 1687 642 moenibus

279 673 536 711 Alexandreae
568 675 878 723 abducturusque
909 676 1116 712 exercitum
1148 676 1185 711 in
1217 676 1367 724 Syriam
1404 681 1513 712 esset.
1575 674 1688 721 Quod

276 745 307 780 si
338 752 560 780 cunctentur
591 744 729 786 faeere,
761 745 867 781 brevi
898 753 1070 781 extorres
1101 757 1219 793 regno
1252 745 1499 781 Ptolemaeum
1522 751 1559 781 et
1575 743 1689 781 Cleo-

276 822 426 861 patram
459 815 624 850 Romam
657 822 850 850 venturos.
881 827 965 850 cum
1002 815 1147 862 pudore
1179 815 1344 862 quodam
1363 815 1492 864 populi
1511 814 1689 854 Romani,

278 883 380 930 quod
412 884 552 920 nullam
587 897 697 931 opem
741 883 778 919 iu
819 884 951 919 ultimo
983 884 1200 920 discrimine
1232 883 1470 920 fortunarum
1503 884 1686 920 tulissent.

276 953 372 989 Moti
415 961 541 1000 patres
583 954 759 1002 precibus
796 954 1148 991 Alexandrinorum
1196 954 1388 1002 extemplo
1420 952 1462 990 C.
1496 953 1687 1002 Popilium

277 1022 472 1058 Laenatem
501 1029 537 1059 et
568 1022 611 1061 C.
645 1023 860 1060 Decimium
892 1030 929 1060 et
959 1024 1002 1061 C.
1034 1024 1242 1060 Hostilium
1273 1024 1422 1072 legatos
1465 1024 1512 1060 ad
1557 1023 1688 1059 finien-

275 1092 364 1127 dum
410 1093 507 1128 inter
555 1105 663 1141 reges
703 1094 841 1130 bellum
885 1093 1079 1129 miserunt.
1151 1093 1265 1130 Prius
1303 1093 1561 1138 Antiochum,
1604 1092 1690 1129 dein

277 1160 526 1198 Ptolemaeum
558 1163 663 1199 adire
693 1163 805 1208 iussi,
847 1169 884 1199 et
913 1162 1110 1206 nuntiare,
1156 1164 1193 1199 ni
1225 1163 1434 1200 absistatur
1463 1162 1577 1207 bello,
1623 1174 1690 1210 per

276 1236 400 1265 utrum
432 1231 618 1275 stetisset,
666 1245 751 1268 eum
795 1244 871 1268 non
909 1245 979 1280 pro
1018 1232 1141 1269 amico
1187 1246 1256 1270 nec
1301 1246 1370 1282 pro
1401 1232 1506 1269 socio
1537 1231 1689 1268 habitu-

275 1311 338 1336 ros
369 1312 464 1336 esse.

389 1370 460 1405 His
499 1369 600 1405 intra
634 1370 799 1406 triduum
844 1370 956 1406 simul
1000 1382 1084 1407 cum
1125 1371 1261 1419 legatis
1292 1371 1567 1408 Alexandrinis
1598 1382 1689 1419 pro-

276 1438 406 1482 fectis,
450 1438 567 1486 legati
612 1452 659 1475 ex
698 1440 930 1476 Macedonia
969 1440 1262 1488 quinquatribus
1301 1441 1442 1477 ultimis
1481 1441 1578 1477 adeo
1621 1453 1687 1477 ex-

274 1508 417 1556 pectati
446 1515 643 1554 venerunt,
676 1515 734 1553 ut,
764 1509 836 1546 nisi
867 1522 1004 1558 vesper
1035 1517 1155 1555 esset,
1196 1511 1387 1559 extemplo
1418 1519 1590 1547 senatum
1622 1523 1690 1546 vo·

276 1578 398 1614 caturi
430 1577 604 1614 consules
645 1578 791 1616 fuerint.
872 1580 1035 1616 Postero
1082 1580 1142 1615 die
1187 1588 1341 1616 senatus
1385 1580 1456 1617 fuit
1496 1580 1688 1628 legatique

276 1648 395 1684 auditi
426 1655 525 1685 sunt.
593 1648 624 1684 Ii
656 1648 854 1689 nuntiant..
893 1649 1039 1686 maiore
1085 1650 1253 1698 periculo
1285 1662 1398 1697 quam
1431 1650 1687 1686 emolumento

275 1717 484 1754 exercitum
527 1730 596 1765 per
631 1717 755 1753 invios
794 1718 914 1754 saltus
956 1719 991 1754 in
1025 1719 1292 1755 Macedoniam
1324 1719 1531 1755 inductum.
1599 1719 1687 1755 Pie-

276 1787 384 1831 riam,
416 1800 491 1834 quo
522 1788 790 1835 processisset,
822 1800 950 1836 regem
982 1796 1127 1832 tenere3
1163 1795 1290 1825 castra
1320 1789 1455 1824 castris
1486 1801 1606 1837 prope
1636 1789 1687 1824 ita

275 1857 429 1893 conlata
473 1869 579 1900 esse,
625 1863 665 1892 ut
707 1857 861 1893 flumine
892 1858 1014 1906 Elpeo
1057 1858 1253 1894 interiecto
1299 1866 1521 1901 arceantur3
1566 1871 1687 1905 neque

274 1939 402 1975 regem
434 1926 629 1974 pugnandi
660 1935 887 1975 potestatem
922 1926 1061 1972 facere,
1091 1940 1160 1964 nec
1190 1927 1330 1963 nostris
1360 1928 1436 1963 vim
1468 1928 1516 1963 ad
1548 1940 1688 1975 cogen-

274 1997 363 2032 dum
398 2008 490 2033 esse.
539 1995 715 2032 Hiemem
747 1997 861 2032 ctiam
894 1997 1050 2046 insuper
1080 1998 1193 2034 rebus
1215 1998 1391 2046 gerendis
1422 1997 1687 2040 intervenisse:

277 2068 334 2102 viae
363 2066 399 2102 in
431 2066 509 2101 otio
541 2065 696 2101 militem
730 2066 799 2102 ali.
831 2078 899 2102 nee
930 2067 1014 2115 plus
1045 2080 1159 2114 quam
1192 2080 1259 2104 sex
1291 2068 1427 2103 dierum
1458 2066 1686 2103 frumentum

277 2232 295 2257 4
327 2228 424 2269 (ir-yn.
453 2228 616 2268 potiretur
655 2227 709 2263 10,
737 2232 754 2258 2
783 2234 969 2268 quterentes
1003 2232 1022 2259 3
1040 2227 1150 2259 serunt
1195 2228 1278 2265 11‚1
1309 2227 1501 2258 anthiocum
1547 2231 1687 2258 3enun-

277 2285 397 2315 tim-ent
436 2288 453 2314 5
471 2291 582 2316 essent
622 2284 674 2322 12,
691 2289 708 2315 2
727 2295 865 2325 regnum
894 2285 1094 2326 ptolemeum
1136 2290 1155 2316 4
1174 2285 1300 2316 nullam
1321 2295 1414 2326 spem
1466 2284 1520 2321 13,
1540 2288 1551 2315 l
1571 2284 1687 2325 praeci-

278 2342 338 2372 bus
374 2343 378 2381 Ι
413 2342 574 2382 popilium
606 2342 753 2381 legatum
803 2346 822 2372 3
850 2342 940 2382 leges
999 2342 1053 2379 14,
1094 2347 1105 2373 l
1136 2343 1332 2373 anthiocum
1392 2347 1408 2371 2
1445 2342 1651 2383 ptolemeum
1680 2342 1683 2380 Ι

278 2410 656 2441 nuntiarentabsistatur
706 2411 784 2446 XX,
799 2411 829 2447 1,
850 2414 860 2441 l
882 2410 1054 2451 profectus
1094 2415 1111 2441 3
1130 2418 1164 2442 ut
1191 2411 1221 2441 ui
1250 2411 1313 2442 nisi
1333 2411 1422 2451 {eset
1458 2410 1490 2447 2,
1507 2414 1525 2441 2
1542 2411 1687 2442 nuntiati

277 2471 295 2498 3
313 2467 439 2498 inducit
489 2467 520 2503 3,
547 2471 566 2498 3
597 2468 692 2508 epeia
708 2467 778 2509 My.
797 2468 914 2509 (Gryn.
937 2468 1080 2509 Enipeo)
1130 2467 1161 2504 4,
1195 2472 1204 2498 l
1235 2469 1268 2498 in
1295 2469 1438 2499 hiemem
1465 2469 1565 2499 etiam
1593 2469 1686 2509 inspe

278 2524 376 2555 rebus
405 2523 523 2554 Vahlen
542 2524 662 2566 (Gryn.
691 2526 846 2565 hyemem
876 2533 974 2556 etium
1001 2535 1152 2566 asperam
1181 2525 1296 2565 rebus)
1320 2529 1323 2562 Ι
1346 2526 1566 2556 interuenisse
1594 2526 1687 2556 notio

276 2582 373 2612 militi
402 2581 458 2612 alii
487 2591 548 2612 nec
571 2581 669 2623 Gryn.
698 2583 744 2621 (iu
772 2583 841 2613 otio
867 2582 1023 2618 militem)
1041 2588 1069 2613 et
1087 2583 1230 2614 Perizon.
1260 2583 1336 2623 (vix
1361 2583 1419 2613 etsi
1441 2582 1506 2614 alio
1531 2581 1617 2623 Ioco]
1667 2587 1684 2613 2

276 2649 375 2679 quam
403 2649 436 2670 ιιι
463 2638 667 2670 frumentum
695 2638 805 2680 Se'yon.
