1753 2934
491 139 590 169 Liber
622 138 729 169 XLV.
798 140 855 175 (Α.
885 139 963 170 Chr.
999 140 1089 177 167.)
1367 142 1442 178 257

89 261 171 298 Ser.
191 260 380 308 Sulpicius
398 259 547 303 Galba,
580 260 643 307 qui
673 260 846 296 tribunus
877 261 1036 297 militum
1068 261 1242 297 secundae
1273 261 1433 309 legionis
1463 264 1499 299 in

89 330 317 367 Macedonia
341 329 478 372 fuerat,
508 330 685 378 privatim
717 330 938 378 imperatori
970 330 1142 366 inimicus
1173 332 1388 379 prensando
1419 333 1499 381 ipse

87 408 124 437 et
163 413 232 449 per
267 411 344 436 suae
382 399 542 446 legionis
581 400 717 435 milites
756 399 996 436 sollicitando
1033 401 1315 445 stimulaverat,
1355 409 1396 438 ut
1425 402 1499 439 fre-

86 478 244 519 quentes
280 470 329 506 ad
359 468 583 517 suffragium
616 470 811 505 adessent:
848 470 1092 517 imperiosum
1124 471 1257 506 ducem
1291 478 1326 507 et
1364 473 1496 521 malig-

85 551 172 576 num
213 539 448 586 antiquando
486 539 745 587 rogationem,
795 551 878 586 quae
916 540 962 576 de
991 540 1183 588 triumpho
1215 541 1294 576 eius
1323 541 1498 586 ferretur,

83 610 372 653 ulciscerentur;
404 609 551 657 plebem
587 609 773 645 urbanam
796 617 1011 646 secuturam
1039 621 1121 645 esse
1153 610 1311 647 militum
1344 612 1495 648 iudicia.

85 680 291 718 Pecuniam
323 680 427 716 illum
459 693 534 716 non
566 681 657 716 (lare
687 680 879 728 potuisse;
910 679 1064 715 militem
1090 680 1273 716 honorem
1305 694 1373 717 von
1405 682 1497 718 dare

83 761 208 798 posse.
268 751 329 787 Ne
359 757 531 798 speraret
561 750 612 786 ibi
643 750 806 786 fructum
838 750 983 797 gratiae,
1013 749 1076 785 ubi
1105 762 1180 785 non
1208 751 1419 787 meruisset.

193 820 265 856 His
295 820 471 863 incitatis,
503 833 586 855 curn
622 820 659 855 in
691 818 884 868 Capitolio
914 819 1153 867 rogationem
1186 832 1269 855 eam
1302 821 1362 857 Ti.
1387 822 1495 859 Sem-

81 889 238 938 pronius
265 889 437 926 tribunus
469 890 589 938 plebis
621 889 749 933 ferret,
781 896 817 925 et
844 890 1004 937 privatis
1034 889 1079 925 cle
1098 889 1181 938 lege
1211 890 1359 926 dicendi
1390 891 1495 928 locus

81 966 192 1004 esset,
223 965 256 996 et
286 960 332 996 ad
365 960 615 1003 suadendum,
645 966 686 995 ut
715 960 752 995 in
773 972 814 995 re
835 959 988 994 minime
1012 959 1141 1002 dubia,
1166 959 1258 995 haut
1291 961 1493 1008 quisquam

80 1030 315 1078 procederet,
344 1031 425 1068 Ser.
448 1029 579 1067 Galba
608 1036 764 1077 repente
784 1029 970 1077 processit
991 1036 1026 1064 et
1048 1040 1070 1064 a
1092 1029 1252 1065 tribunis
1274 1031 1494 1078 postulavit.

81 1107 137 1143 ut,
177 1100 356 1147 quoniam
394 1101 491 1136 hora
527 1101 603 1136 iam
638 1106 777 1135 octava
818 1099 892 1135 diei
929 1105 1029 1134 esset
1076 1111 1145 1135 nec
1179 1100 1273 1135 satis
1313 1103 1496 1149 temporis

79 1168 127 1204 ad
172 1168 510 1206 demonstrandum
554 1170 732 1212 haberet,
781 1182 849 1205 cur
885 1169 931 1206 L.
962 1169 1164 1205 IEmilium
1207 1182 1282 1205 uon
1322 1170 1495 1208 iuberent

78 1238 336 1286 triumphare,
381 1239 419 1275 in
456 1246 651 1288 posterum
691 1240 789 1276 diem
830 1237 1025 1274 differrent
1063 1246 1099 1274 et
1139 1251 1251 1275 mane
1290 1252 1373 1276 eam
1414 1254 1494 1278 rem

78 1316 246 1357 agerent.
297 1308 454 1357 Integre
484 1309 555 1345 sibi
585 1309 646 1345 die
677 1310 725 1345 ad
756 1321 912 1345 causam
947 1321 1030 1345 eam
1063 1309 1248 1345 orandam
1281 1322 1378 1358 opus
1399 1324 1493 1349 esse.

77 1377 173 1415 Cum
206 1379 346 1414 tribuni
377 1379 502 1414 dicere
531 1391 576 1414 eo
607 1379 680 1423 die,
710 1379 741 1414 si
772 1378 862 1426 quid
895 1378 1020 1420 vellet,
1052 1378 1237 1421 iuberent,
1269 1379 1306 1415 in
1340 1390 1493 1418 noctem

77 1460 155 1484 rem
187 1448 348 1484 dicendo
379 1448 548 1483 extraxit
584 1448 784 1484 referendo
816 1448 1157 1496 admonendoque,
1189 1456 1327 1485 exacta
1357 1452 1494 1487 acerbe

77 1518 207 1554 munia
245 1518 406 1561 militiae3
452 1517 536 1566 plus
573 1517 736 1561 laboris,
767 1518 851 1566 plus
882 1518 1061 1566 periculi,
1092 1531 1207 1566 quam
1239 1518 1492 1556 desiderasset

75 1599 148 1632 res,
179 1588 405 1632 iniunctum3
437 1594 571 1623 eontra
599 1587 638 1623 in
670 1587 847 1635 praemiis,
879 1588 916 1623 in
947 1588 1156 1624 honoribus
1187 1589 1317 1624 omnia
1348 1597 1492 1635 artata3

76 1656 344 1704 militiamque,
373 1657 406 1693 si
435 1657 575 1693 talibus
605 1657 785 1693 succedat
814 1657 992 1701 ducibus,
1034 1658 1285 1694 horridiorem
1319 1660 1490 1708 asperio-

74 1738 225 1775 remque
253 1726 495 1771 bellantibus,
528 1727 687 1763 eandem
718 1727 927 1764 victoribus
954 1728 1106 1776 inopem
1129 1728 1256 1776 adque
1284 1729 1490 1766 inhonora·

73 1802 151 1833 tam
189 1796 373 1834 futuram.
447 1797 685 1834 Macedonas
725 1797 764 1833 in
802 1796 960 1833 meliore
1000 1796 1157 1833 fortuna
1196 1810 1310 1846 quam
1354 1800 1491 1836 milites

73 1866 271 1904 Romanos
301 1878 397 1906 esse.
447 1866 489 1904 Si
521 1866 740 1915 frequentes
767 1874 923 1915 postero
955 1867 1017 1903 die
1047 1867 1096 1903 ad
1125 1867 1248 1915 legem
1283 1869 1486 1917 antiquan-

69 2060 103 2099 8,
130 2066 148 2092 2
175 2072 262 2103 serg.
293 2064 455 2104 sulpicius
505 2069 524 2096 3
551 2065 672 2106 priuati
696 2064 700 2104 Ι
723 2065 905 2104 persandro
932 2065 1003 2105 ipse
1067 2064 1099 2102 9,
1127 2068 1146 2095 3
1174 2066 1317 2096 militum
1343 2068 1489 2107 pecunia

69 2118 163 2150 illum
192 2120 316 2151 iudicia
342 2122 420 2152 dare
448 2131 513 2152 non
533 2122 681 2162 potuisse
703 2120 802 2163 Gryu.
825 2121 986 2161 (militum
1008 2121 1151 2152 iudicia:
1182 2123 1357 2162 pecuniam
1377 2124 1486 2162 illum)

69 2182 98 2207 et
126 2175 223 2208 Gron.
251 2177 334 2218 (non
360 2179 440 2209 dare
469 2177 536 2219 Cfr.
563 2178 636 2210 Em.
668 2178 739 2209 616
764 2181 809 2218 η.)
849 2183 868 2209 4
895 2179 1059 2209 honorem
1086 2179 1165 2209 dare
1196 2177 1293 2210 Gron.
1369 2184 1386 2211 5
1427 2182 1485 2213 ubi

68 2232 213 2265 fructum
263 2234 430 2273 XXXVI,
446 2236 477 2273 1,
498 2239 509 2266 l
540 2236 568 2267 is
594 2236 721 2266 incitati
745 2236 749 2274 Ι
771 2241 795 2267 t.
811 2237 1023 2276 sempronius
1039 2234 1136 2277 Seffi?
1163 2240 1180 2266 2
1198 2236 1323 2267 ferrent
1338 2237 1485 2271 (Fuitnez

69 2296 110 2321 tr.
135 2291 181 2332 pl.
210 2294 379 2333 ceterique
405 2299 445 2324 tr.
473 2293 518 2334 pl.
547 2292 713 2333 ferrent?)
771 2294 776 2333 l
837 2294 978 2334 priuatis
1003 2293 1079 2331 lege
1110 2292 1208 2325 Gron.
1272 2298 1291 2325 3
1332 2303 1420 2326 esset
1442 2298 1486 2328 ad

67 2349 276 2379 suadendum
293 2348 364 2391 My.
392 2349 542 2392 (Kreyss.
561 2351 619 2381 sed
635 2351 695 2390 ad)
718 2352 722 2390 Ι
746 2351 849 2381 dubia
876 2357 934 2381 aut
959 2350 986 2381 si
1014 2351 1188 2390 quisquam
1209 2350 1340 2393 Kreyss.
1363 2354 1484 2396 (Gryn.

67 2405 180 2442 dubia,
210 2407 238 2436 si
265 2406 455 2449 quisquam)
495 2412 513 2437 4
541 2408 779 2448 procederetur
823 2407 856 2441 2,
883 2411 895 2438 1
937 2417 1023 2447 serg.
1052 2408 1154 2447 galba
1178 2409 1481 2453 repetenteGryn.

67 2467 101 2493 et
125 2473 145 2493 a
169 2468 208 2494 tr.
238 2463 311 2503 (sic)
376 2467 395 2495 2
422 2464 506 2495 hota
531 2474 631 2504 quam
658 2471 780 2495 oct-aua
852 2468 870 2495 5
906 2473 1006 2503 agere
1035 2466 1040 2504 1
1071 2465 1156 2496 diem
1180 2466 1185 2504 l
1207 2470 1482 2500 eammorandam

67 2528 149 2560 opus
176 2526 264 2551 esset
328 2520 360 2558 3,
391 2524 405 2551 1
438 2520 536 2563 Gryn.
567 2519 651 2552 Cum
680 2522 834 2553 tribunus
857 2525 861 2558 ῑ
884 2522 910 2553 si
927 2522 1001 2561 quis
1023 2525 1028 2560 1
1050 2522 1181 2553 iuberet
1207 2522 1280 2565 My.
1306 2524 1380 2556 Em.
1412 2525 1484 2557 616

66 2579 86 2606 2
112 2585 233 2607 acerna
258 2578 371 2608 munia
453 2582 474 2609 4
502 2579 549 2609 im
574 2579 719 2620 praemiis
794 2578 827 2617 4,
858 2583 870 2610 l
902 2579 1108 2619 asperiorem
1131 2579 1337 2613 uellentibus
1364 2582 1481 2613 eadem

99 2654 196 2680 Livius
211 2662 248 2680 ex
264 2662 318 2682 rec.
335 2655 479 2687 Madvigii.
519 2657 580 2681 VH.
1175 2650 1214 2678 17

1520 1873 1540 1906 U!

1553 817 1605 862 36
