1742 2902
473 142 573 174 Liber
597 141 707 174 XLII.
761 143 822 182 (A.
851 141 930 174 Chr.
963 142 1057 182 171.)
1357 146 1405 181 83

769 230 789 246 ἱ

55 272 91 304 et
121 265 158 302 in
188 265 331 313 regiam
359 278 481 302 meam
516 272 685 302 armatus
716 265 980 314 pervenisset?
1036 267 1091 302 At
1122 266 1219 302 enim
1255 266 1354 302 bello
1387 267 1468 315 qui-

55 336 138 372 dem
170 336 269 371 iusto
301 347 383 371 sum
418 341 651 383 persecutus,
688 336 754 371 sed
794 336 893 371 vinci
923 348 999 371 non
1031 336 1201 384 oportuit
1230 347 1314 372 eum
1345 349 1469 384 neque

55 418 112 449 ea,
144 417 226 453 quae
257 405 367 441 victis
399 406 586 449 accidunt,
617 405 715 453 pati3
757 417 918 453 quorum
961 417 1091 442 casum
1123 418 1206 442 cum
1240 417 1311 453 ego
1344 406 1468 442 subie-

53 475 137 518 rim,
169 475 232 522 qui
263 487 345 510 sum
380 475 496 510 armis
526 474 737 519 lacessitus,
769 474 857 522 quid
884 481 1007 522 potest
1033 475 1139 522 queri
1171 475 1241 511 sibi
1273 476 1468 521 accidisse,

54 544 119 593 qui
149 557 265 581 causa
294 543 382 581 belli
413 542 511 579 suit?
569 544 660 580 Non
691 557 774 580 sum
807 545 939 581 eodem
973 544 1086 580 modo
1118 544 1356 590 defensurus,
1387 547 1467 583 Ro-

53 614 178 660 mani,
209 614 312 662 quod
342 614 520 662 Dolopas
551 614 666 650 armis
698 614 950 659 coercuerirn3
991 615 1093 662 quia,
1125 615 1194 651 etsi
1225 628 1300 651 non
1332 616 1467 653 merito

53 696 204 729 eorum,
243 684 325 720 iure
365 682 438 720 feci
476 697 585 729 meo,
626 697 710 722 cum
743 685 817 721 mei
846 686 974 734 regni,
1016 697 1109 721 meae
1139 685 1298 721 dicionis
1331 691 1467 732 essent,

51 760 181 789 vestro
221 753 373 790 decreto
411 754 511 802 patri
542 754 724 791 adtributi
755 768 853 791 meo.
914 755 1018 800 Nec,
1064 755 1095 791 si
1126 767 1244 791 causa
1272 756 1468 792 reddenda

52 824 112 868 sit,
145 836 219 860 non
251 825 361 860 vobis
391 836 460 861 nec
486 823 694 869 foederatis,
725 825 791 860 sed
820 825 884 871 iis,
916 825 979 873 qui
1009 837 1052 860 ne
1081 825 1119 860 in
1149 837 1282 862 servos
1314 826 1465 874 quidem

52 905 155 930 saeva
185 894 311 942 adque
340 894 480 930 iniusta
512 894 674 943 imperia
711 896 896 943 probant,
939 895 1024 943 plus
1055 906 1165 942 aequo
1197 901 1234 931 et
1264 896 1365 931 bono
1397 908 1466 932 sae-

51 964 152 1000 visse
184 964 221 1000 in
253 976 318 1000 eos
352 965 473 1001 videri
506 977 675 1014 possum.
725 963 877 1012 Quippe
905 965 1213 1013 Euphranorem,
1244 964 1466 1013 praefectum

52 1046 75 1071 a
99 1047 158 1070 me
191 1034 412 1082 inpositum,
439 1035 493 1070 ita
509 1035 740 1079 occiderunt,
762 1040 803 1070 ut
825 1046 928 1070 mors
955 1047 1154 1082 poenarum
1175 1034 1254 1071 eius
1273 1035 1468 1071 levissima

50 1104 176 1142 fuerit.
222 1106 289 1149 At,
310 1117 394 1141 cum
417 1105 686 1153 processissem
719 1104 806 1139 inde
838 1104 886 1139 ad
917 1104 1096 1141 visendas
1116 1105 1294 1141 Larisam
1327 1111 1363 1141 et
1384 1106 1469 1142 An-

51 1180 182 1211 tronas
217 1179 254 1210 et
284 1175 457 1219 Pteleon,
489 1175 577 1222 quia
606 1176 644 1211 in
675 1174 892 1222 propinquo
924 1187 1034 1218 eram,
1065 1175 1307 1211 sacrificandi
1338 1187 1467 1220 causa,

51 1251 91 1281 ut
120 1245 238 1280 multo
270 1250 358 1280 ante
391 1244 521 1280 debita
557 1251 648 1280 vota
678 1244 957 1292 persolverem,
988 1244 1163 1293 Delphos
1195 1244 1358 1280 escendi.
1417 1245 1468 1281 Et

49 1314 128 1357 his,
171 1314 338 1350 criminis
376 1313 540 1361 augendi
572 1325 709 1358 causa,
750 1326 833 1349 cum
877 1314 1045 1350 exercitu
1077 1327 1138 1350 me
1167 1315 1262 1358 isse,
1293 1314 1466 1350 adicitur.

53 1383 224 1428 Scilicet,
265 1391 327 1427 ut,
366 1383 469 1430 quod
506 1395 605 1419 nunc
634 1396 705 1419 vos
739 1383 867 1420 facere
899 1396 1050 1431 queror,
1081 1385 1194 1420 urbes
1225 1396 1467 1432 occuparem,

52 1452 203 1489 arcibus
233 1439 467 1499 imponerem
495 1453 685 1500 praesidia.
745 1454 896 1490 Vocate
922 1454 960 1489 in
991 1453 1191 1489 concilium
1224 1452 1385 1490 Graeciae
1415 1453 1466 1490 ci-

48 1522 206 1567 vitates,
245 1535 313 1570 per
344 1534 439 1569 quas
470 1522 542 1558 iter
571 1522 666 1567 feci3
700 1531 883 1571 queratur
912 1535 1008 1558 unus
1044 1522 1202 1569 quilibet
1233 1523 1362 1559 militis
1393 1524 1467 1559 mei

48 1591 245 1635 iniuriam;
276 1604 352 1628 non
382 1592 582 1635 recusabo,
614 1594 717 1640 quin,
748 1593 926 1629 simulato
959 1592 1159 1635 sacrificio,
1193 1592 1295 1628 aliud
1327 1594 1467 1641 petisse

47 1662 193 1698 videar.
252 1661 397 1697 AEtolis
428 1668 464 1697 et
494 1662 692 1710 Byzantiis
723 1662 901 1711 praesidia
931 1661 1115 1703 misimus„
1146 1668 1183 1697 et
1213 1675 1296 1699 cum
1319 1663 1466 1700 Boeotis

49 1731 254 1768 amicitiam
276 1731 449 1768 fecimus.
500 1732 607 1776 Haec,
639 1731 934 1779 qualiacumque
964 1738 1063 1777 sunt,
1093 1745 1162 1780 per
1191 1732 1339 1780 legatos
1362 1746 1466 1771 meos

47 1813 124 1837 non
165 1801 287 1838 solum
319 1801 501 1847 indicata,
534 1802 601 1838 sed
641 1802 755 1838 etiam
799 1808 983 1838 excusata
1013 1808 1102 1838 sunt
1131 1814 1232 1850 saepe
1262 1803 1300 1838 in
1330 1810 1465 1841 senatu

47 1877 189 1917 vestro,
221 1872 285 1908 ubi
316 1872 466 1920 aliquos
489 1884 560 1920 ego
586 1873 864 1921 disceptatores
890 1884 966 1907 non
997 1877 1074 1907 tam
1106 1883 1236 1919 aequos
1269 1884 1384 1920 quam
1416 1880 1466 1918 te,

49 2056 68 2083 2
94 2054 135 2084 ad
162 2054 249 2084 enim
299 2056 319 2083 3
346 2054 435 2084 iusto
462 2053 733 2094 sumpserecuius
760 2053 820 2083 sed
842 2053 847 2092 l
870 2061 979 2093 neque
1004 2053 1104 2093 liquae
1130 2052 1230 2084 uictis
1283 2057 1300 2084 5
1329 2056 1385 2096 qui
1404 2057 1466 2088 sub

47 2111 147 2142 armis
170 2111 174 2149 ί
197 2111 300 2150 quaeri
362 2110 423 2149 13,
451 2114 470 2141 3
496 2110 654 2142 iusreseei
680 2120 756 2140 mco
818 2109 872 2147 14,
903 2113 921 2139 2
948 2120 1017 2140 non
1042 2108 1143 2141 nouis
1176 2119 1237 2141 nec
1263 2110 1379 2142 foederi
1407 2115 1467 2145 sed

46 2167 87 2199 iis
109 2168 113 2207 Ι
136 2168 240 2208 quiin
259 2178 376 2199 seruos
432 2172 452 2198 4
468 2178 675 2209 eupanorum
719 2170 736 2197 5
752 2172 789 2197 ut
802 2177 914 2198 mores
962 2167 1074 2205 XLII,
1091 2168 1122 2205 1,
1143 2167 1164 2198 1*
1186 2177 1225 2198 ac.
1252 2178 1327 2199 cum
1344 2169 1440 2202 Mod.
1460 2169 1464 2211 J

52 2222 149 2266 Gryn.
176 2225 333 2256 Antrona
363 2225 413 2256 hic
438 2231 467 2256 et
490 2236 516 2256 c.
547 2224 605 2263 67,
633 2224 673 2264 9;
712 2223 771 2255 sed
802 2224 867 2256 vid.
903 2223 1012 2256 Strab.
1047 2224 1118 2263 IX,
1146 2224 1229 2257 432.
1289 2230 1306 2256 2
1343 2233 1375 2257 et
1404 2237 1466 2268 py—

48 2281 144 2313 cleon
175 2282 338 2314 Turnebus
363 2283 439 2324 (cfr.
471 2282 529 2322 67,
556 2282 596 2323 9)
666 2286 685 2312 2
711 2293 780 2323 sqq.
809 2292 876 2322 qua
909 2283 943 2313 in
973 2284 1164 2324 propinquo
1197 2283 1330 2324 delphis
1362 2286 1465 2316 sacri-

46 2339 191 2381 ficandaeii
218 2361 319 2383 causa
344 2352 452 2383 multo
479 2376 557 2380 .-
594 2351 824 2392 persoluerem
857 2351 1000 2392 delphos
1033 2352 1166 2382 escendi
1193 2350 1266 2393 My.
1292 2352 1366 2385 Em.
1394 2353 1466 2385 534

49 2406 166 2449 (Gr-yn.
202 2418 269 2448 quo
302 2409 339 2439 in
371 2410 562 2450 propinquo
595 2410 704 2439 multo
737 2426 777 2430 —
804 2409 1044 2448 persolverem,
1071 2409 1224 2450 Delphos
1251 2410 1465 2442 sacrificandi

31 2472 149 2496 veausa
167 2466 321 2505 ascendi)
363 2467 395 2504 2,
425 2470 437 2497 1
473 2466 572 2508 Gryn.
592 2467 635 2497 Et
654 2467 709 2497 hic
753 2471 770 2496 2
792 2476 867 2496 cum
887 2467 1147 2497 exereitumesse
1165 2467 1310 2498 adicitur
1329 2468 1462 2510 Kreysa

48 2519 165 2563 (Gr-yn.
185 2533 213 2554 c.
241 2533 350 2556 exerc.
369 2534 422 2555 me
441 2524 559 2564 fuisse)
606 2527 625 2554 3
652 2534 733 2555 num
759 2534 821 2554 uos
843 2525 848 2564 Ι
871 2533 1003 2565 quaeror
1024 2524 1029 2565 1
1052 2533 1219 2564 occupare
1247 2530 1266 2555 4
1293 2535 1468 2567 opponere

47 2580 204 2619 praesidia
274 2581 306 2619 3,
334 2586 352 2613 2
380 2587 550 2622 quaeratur
599 2586 618 2612 3
648 2581 825 2612 simulatos
881 2580 913 2619 4,
945 2585 959 2612 1
987 2581 1139 2622 byzantis
1161 2582 1167 2623 Ι
1188 2582 1300 2614 boetis

1157 2655 1195 2686 6.

1503 540 1549 576 13

1503 752 1547 786 14

1525 1095 1580 1141 42
