1753 2934
518 141 618 171 Liber
643 140 751 171 XLV.
797 141 855 179 (A.
888 140 964 171 Chr.
999 144 1088 177 167.)
1371 143 1447 179 269

94 263 131 299 in
171 263 435 310 accipientium
476 262 612 298 animis
658 274 770 308 quam
811 274 975 309 praesens
1018 262 1184 310 exigere.
1255 263 1390 310 Legati
1430 271 1503 299 tres

94 333 292 375 nominati,
309 334 356 369 T.
369 332 568 378 Quinctius
589 331 838 374 Flamininus,
857 330 899 368 C.
915 332 1081 368 Licinius
1098 333 1241 376 Nerva,
1254 333 1308 369 M.
1321 333 1503 370 Caninius

93 403 270 445 Rebilus„
315 403 379 449 qui
423 402 575 437 obsides
607 402 643 437 in
687 401 893 437 Thraciam
937 402 1172 443 redut-erent,
1213 409 1248 438 et
1287 403 1503 438 'l‘hraeibus

93 485 252 508 munera
293 472 382 507 data
420 472 457 507 in
501 471 670 518 singulos
709 472 836 507 binum
877 471 1019 507 milium
1061 472 1155 508 ceris.
1222 472 1377 521 Bithys,
1416 485 1500 510 eum

91 543 224 579 ceteris
255 543 450 578 obsidibus
481 554 503 576 a
524 540 716 577 Carseolis
751 541 967 584 accersitus,
994 541 1042 576 ad
1073 550 1219 589 patrem
1252 556 1336 578 oum
1368 543 1502 590 legatis

91 612 242 648 missus.
302 612 435 648 Naves
466 612 579 659 regiae
610 618 730 658 eaptae
765 609 812 645 de
844 611 1138 655 Macedonibus,
1181 611 1384 648 invisitatae
1415 621 1501 650 ante

91 682 374 730 magnitudinis,
409 682 445 717 in
477 694 614 730 eampo
646 682 787 717 Martio
824 681 1018 716 subdus-tae
1049 688 1147 716 sunt.

202 752 381 788 Haerente
414 752 537 788 adhuc
567 764 642 787 non
673 751 709 786 in
747 751 882 786 animis
914 750 1040 790 modo,
1082 752 1147 787 sed
1181 764 1286 799 paene
1316 752 1352 787 in
1381 752 1499 788 oeulis

90 822 274 857 memoria
307 822 546 857 Macedonici
578 820 772 867 triumphi,
808 820 850 855 L.
882 820 1042 856 Auivius
1073 820 1333 867 Quirinalibus
1367 823 1500 858 trium-

87 891 221 939 phavit
250 891 296 926 (le
326 903 414 939 rege
446 890 588 928 Gentio
621 890 850 937 Illyriisque.
917 890 1065 926 Similia
1103 891 1231 927 omnia
1263 892 1385 939 magis
1416 893 1499 929 visa

87 960 304 997 hominibus
343 973 454 1008 quam
495 959 616 1008 paria.
675 959 804 995 Minor
848 959 928 1007 ipse
959 960 1190 1007 imperator,
1231 969 1266 996 et
1302 962 1499 998 nobilitate

88 1031 247 1067 Anicius
277 1043 361 1067 eum
387 1029 546 1066 AEmilio
578 1036 614 1064 et
644 1030 725 1065 iure
755 1029 903 1077 imperii
935 1037 1076 1076 praetor
1106 1042 1190 1065 eum
1223 1032 1378 1067 consule
1408 1044 1497 1067 con-

86 1100 203 1143 latus;
253 1113 329 1136 non
370 1099 532 1136 Gentius
571 1099 736 1138 Perseo,
790 1111 866 1135 non
910 1099 1029 1147 Illyrii
1076 1100 1376 1144 Macedonibus,
1421 1114 1497 1137 non

85 1169 210 1217 spolia
241 1170 385 1218 spoliis,
418 1182 492 1205 non
519 1171 673 1217 pecunia
701 1168 881 1216 pecuniae,
914 1181 989 1205 non
1019 1170 1121 1205 dona
1154 1170 1263 1206 donis
1294 1172 1496 1218 conparari

84 1246 275 1287 poterant.
357 1240 493 1286 Itaque
537 1239 632 1275 sicut
672 1238 924 1286 praefulgebat
967 1239 1054 1274 liuie
1091 1239 1304 1286 triumphus
1352 1253 1496 1286 recens,

84 1308 138 1344 ita
167 1309 380 1356 apparebat
408 1308 532 1356 ipsum
571 1322 640 1357 per
678 1321 719 1344 se
749 1309 980 1344 intuentibus
1010 1321 1254 1357 nequaquam
1295 1322 1377 1346 esse
1407 1323 1496 1347 eon-

84 1379 339 1415 temnendum.
416 1379 696 1415 Pei-domuerat
736 1378 836 1414 intra
878 1390 1022 1426 paucos
1062 1379 1142 1415 (lies
1180 1386 1282 1415 terra
1323 1380 1496 1428 marique

84 1447 265 1493 feroc-eim
294 1448 388 1485 locis
411 1449 728 1496 munimentisque
757 1450 893 1484 fretam
925 1455 1074 1496 gentem
1099 1449 1335 1497 lllyriorum;
1366 1463 1492 1499 regem

83 1519 273 1567 regiaeque
303 1529 435 1553 omnes
466 1518 594 1566 stirpis
625 1525 789 1566 ceperat.
839 1519 1050 1554 Transtulit
1082 1519 1118 1553 in
1152 1518 1345 1566 triumpho
1377 1520 1495 1556 multa

83 1588 262 1624 militaria
301 1588 411 1636 signa
451 1588 651 1635 spoliaque
688 1588 764 1623 alia
803 1595 838 1624 et
882 1587 1151 1635 supellectilem
1196 1589 1362 1636 regiam,
1411 1590 1494 1626 auri

80 1659 210 1708 pondo
240 1659 321 1695 XX
346 1665 381 1693 et
404 1657 496 1701 VII,
527 1658 673 1705 argenti
707 1659 740 1693 X
767 1666 802 1694 et
824 1658 947 1694 VIIII
971 1658 1113 1705 pondo,
1139 1658 1335 1695 denarium
1360 1660 1397 1695 X
1420 1660 1493 1696 tria

80 1728 206 1772 milia,
255 1734 292 1765 et
322 1726 440 1764 CXX
475 1727 579 1763 milia
621 1728 761 1776 Illyrici
805 1728 965 1776 argenti.
1042 1730 1146 1764 Ante
1191 1741 1342 1764 currum
1390 1729 1492 1766 ducti

79 1796 242 1835 Gentius
273 1809 340 1834 rex
371 1810 454 1834 cum
487 1799 648 1847 coniuge
678 1805 715 1834 et
746 1798 872 1834 liberis
903 1805 938 1834 et
964 1796 1221 1834 Caravantius
1251 1798 1372 1835 frater
1390 1799 1491 1847 regis

77 1873 114 1903 et
144 1867 291 1915 aliquot
320 1868 468 1904 nobiles
489 1868 621 1917 Illyrii.
674 1868 734 1904 De
763 1867 894 1915 praeda
915 1867 1096 1904 militibus
1125 1868 1163 1903 in
1194 1868 1364 1916 singulos
1395 1881 1490 1917 qua-

75 2065 94 2093 3
126 2062 230 2102 legati
260 2064 559 2095 transnominatius
586 2065 733 2105 quintius
761 2065 974 2096 idaminimus
1005 2065 1114 2107 Gryn„
1142 2065 1239 2096 Frob.
1270 2065 1318 2096 II.
1348 2066 1488 2106 (Flami-

73 2119 200 2157 ninus),
234 2119 366 2161 KreJJSS.
396 2122 510 2160 (tres).
551 2122 670 2163 (Gryn.
699 2123 799 2162 legati
823 2123 986 2153 nominati
1014 2123 1054 2153 T.
1079 2122 1259 2160 Quinctius
1288 2123 1483 2155 Flaminius.

71 2175 126 2208 De
146 2178 337 2217 proenomz'ne
369 2177 510 2214 Quinctii
540 2177 730 2218 dubitatur.)
798 2184 815 2210 5
843 2180 979 2211 rebilius
1002 2180 1006 2217 Ι
1028 2181 1166 2211 traciam
1190 2181 1195 2218 1
1217 2181 1367 2211 trae-ibus
1430 2180 1484 2218 12,

76 2237 90 2264 1
119 2234 196 2266 bitis
269 2239 288 2266 3
315 2236 485 2266 inuisitate
512 2236 625 2278 (Gryn.
653 2237 836 2273 inusitatae)
922 2237 1050 2276 XLIII,
1078 2238 1109 2270 1.
1140 2241 1152 2268 1
1187 2238 1325 2268 herente
1348 2238 1353 2277 Ι
1375 2238 1484 2269 nomi-

70 2303 215 2334 nanimis
237 2303 242 2342 1
264 2313 348 2344 pene
402 2308 420 2334 2
448 2305 646 2336 memoriam
703 2309 722 2336 3
753 2305 893 2346 illyrisq.
943 2306 976 2347 2,
1005 2310 1024 2337 3
1053 2317 1127 2337 cum
1160 2297 1252 2338 cons.
1285 2306 1482 2338 consulatus

70 2362 88 2390 5
127 2361 236 2401 spolia
280 2361 449 2401 sponsiliis
494 2363 499 2401 Ι
546 2372 613 2393 non
653 2364 803 2404 pecuuiae
846 2365 1072 2395 macedonicae
1108 2363 1218 2406 Siyon.
1259 2363 1374 2406 (Gryn.
1414 2374 1483 2395 non

67 2419 211 2458 pecunia
248 2418 494 2457 Macedonieae)
530 2421 534 2459 1
568 2421 658 2450 dono
685 2421 782 2452 donis
829 2420 860 2457 3,
892 2424 902 2451 l
932 2431 1052 2461 regens
1103 2426 1120 2452 2
1148 2432 1397 2463 nequamquam
1447 2421 1479 2455 4.

69 2477 88 2504 2
114 2474 236 2506 ferocis
257 2476 262 2514 1
285 2477 580 2516 monumentisque
607 2477 738 2519 Kreyss.
768 2476 885 2519 (Gryn.
912 2478 1064 2520 locisque
1079 2480 1231 2517 munitis)
1255 2481 1260 2518 Ι
1283 2478 1403 2509 fretam
1430 2488 1481 2509 re—

67 2540 140 2572 gem
159 2531 345 2572 illyriorum
386 2537 404 2564 3
421 2533 549 2574 omnis!
568 2533 665 2576 Gryn.
694 2535 727 2565 in
754 2536 956 2575 triumphum
1020 2541 1039 2567 4
1065 2537 1166 2567 aliam
1192 2537 1225 2567 in
1253 2535 1421 2577 triumpho
1448 2540 1482 2566 et

66 2589 312 2629 superlectilem
384 2590 423 2628 5,
451 2594 470 2621 2
507 2592 642 2633 Argenti
663 2603 806 2623 numm-us
831 2599 994 2634 corruptus
1018 2599 1071 2625 eet.
1103 2594 1199 2626 Gron.
1229 2603 1264 2624 00
1298 2600 1331 2624 et
1358 2602 1478 2624 nouem

65 2644 97 2682 6,
112 2648 132 2676 3
159 2646 297 2686 aliquod
319 2646 324 2686 1
346 2646 434 2688 illyri

1536 474 1550 508 1

1532 890 1553 925 ΙΨ

1562 472 1582 507 2

1556 745 1608 790 43
