1753 2934
477 127 578 157 Liber
602 126 709 158 XLV.
761 126 821 165 (A.
851 124 927 155 Chr.
961 126 1052 164 167.)
1337 130 1414 165 239

74 250 202 293 audio,
232 256 359 298 patres
389 251 604 299 conscripti.
680 249 840 285 Favisse
879 261 948 284 nos
989 249 1068 296 regi
1113 255 1148 285 et
1187 248 1289 285 illum
1321 249 1470 285 vincere

73 320 276 362 maluisse,
321 320 404 356 ideo
442 319 542 355 bello
573 319 854 367 persequendos
885 330 967 354 esse
997 319 1152 354 credunt
1183 318 1245 354 alii
1282 326 1470 363 vestrum3

73 391 148 433 alii,
181 390 348 426 voluisse
377 390 528 437 quidem
559 401 628 424 nos
661 389 754 431 hoc,
796 400 869 423 non
904 395 1028 424 tamen
1066 389 1114 425 ob
1146 388 1183 424 id
1212 387 1311 423 bello
1341 400 1467 435 perse-

73 460 243 507 quendos
275 473 373 503 esse:
405 471 525 506 neque
555 459 724 494 moribus
754 470 875 504 neque
906 457 1052 505 legibus
1081 457 1191 493 ullius
1227 458 1388 493 civitatis
1418 458 1470 494 ita

72 536 321 578 conparatum
353 541 446 573 esse,
477 535 529 573 ut,
562 528 593 564 si
625 528 687 576 qui
719 528 807 563 velit
838 527 1026 563 inimicum
1058 527 1200 575 perire,
1231 527 1261 562 si
1295 528 1386 563 nihil
1416 528 1469 564 fe-

72 599 176 643 cerit,
207 612 282 647 quo
312 600 348 635 id
378 599 457 643 fiat,
488 599 623 647 capitis
653 599 864 634 damnetur.
922 597 1016 641 His,
1048 596 1111 644 qui
1140 609 1209 632 nos
1240 610 1364 645 poena,
1394 611 1469 634 non

73 669 228 706 crimine
271 670 450 713 liberant,
496 670 658 718 gratiam
698 669 848 716 quidem
880 669 1081 710 habemus3
1131 667 1201 715 ipsi
1234 668 1343 703 nobis
1372 669 1470 704 hanc

73 738 231 775 dicimus
262 739 406 788 legem:
456 740 496 777 Si
528 752 658 776 omnes
690 738 901 778 voluimus,
933 737 1034 785 quod
1064 736 1279 784 arguimur,
1308 750 1382 773 non
1414 738 1469 773 di-

71 807 296 856 stinguimus
326 809 561 845 voluntatem
593 824 616 846 a
647 809 771 853 fact03
804 820 934 844 omnes
951 807 1181 855 plectamur,
1211 807 1241 843 si
1273 807 1335 843 alii
1366 808 1467 856 prin·
1502 817 1515 845 Γ

72 877 196 925 cipum
236 885 451 915 nostrorum
482 879 611 924 vobis,
660 879 724 915 alii
753 878 833 926 regi
872 877 1070 921 faverunt,
1106 889 1181 913 non
1211 877 1384 925 postulo,
1430 885 1469 913 ut

71 954 227 995 propter
267 960 358 993 nos,
403 949 465 997 qui
507 951 671 997 partium
703 955 914 986 vestrarum
957 946 1116 992 fuimus,
1160 947 1259 995 regis
1299 946 1468 984 fautores

70 1016 167 1052 salvi
204 1017 295 1061 sint;
343 1019 434 1054 illud
472 1020 677 1068 deprecor,
722 1031 769 1054 ne
811 1031 880 1054 nos
924 1024 1081 1065 propter
1124 1016 1207 1052 illos
1255 1030 1467 1065 pereamus,

69 1086 159 1122 Non
191 1088 278 1123 estis
308 1100 377 1125 vos
402 1089 475 1125 illis
507 1089 743 1133 infestiores,
787 1101 900 1136 quam
932 1087 1065 1124 civitas
1096 1093 1150 1123 est
1179 1087 1283 1135 ipsa3
1332 1095 1368 1123 et
1396 1089 1468 1124 hoc

71 1156 161 1203 quia
190 1157 373 1202 sciebant,
403 1159 573 1207 plerique
603 1172 734 1195 eorum
765 1165 830 1194 aut
858 1156 1109 1206 profugerunt
1130 1163 1195 1193 aut
1215 1163 1375 1193 mortem
1397 1157 1468 1193 sibi

70 1225 352 1272 consciverunt3
383 1229 460 1274 alii,
491 1229 662 1265 damnati
698 1242 720 1266 a
749 1229 872 1269 nobis,
902 1228 940 1264 in
970 1233 1160 1276 potestate
1189 1232 1318 1262 vestra
1348 1234 1468 1271 erunt,

69 1301 198 1343 patres
229 1298 445 1346 conscripti.
505 1298 630 1336 Ceteri
660 1299 821 1342 Rhodii,
851 1298 947 1334 sicut
977 1298 1138 1346 gratiam
1172 1296 1313 1332 nullam
1345 1298 1468 1333 meriti

69 1365 142 1401 hoc
172 1366 285 1411 bello,
315 1366 368 1403 ita
398 1381 445 1404 ne
474 1381 625 1416 poenam
659 1368 810 1416 quidem
841 1380 982 1406 sumus.
1042 1368 1220 1404 Priorum
1252 1374 1467 1403 nostrorum

69 1435 356 1473 benefactorum
387 1439 557 1474 cumulus
587 1439 672 1482 hoc,
703 1437 804 1485 quod
837 1450 934 1474 nunc
951 1444 1138 1474 cessatum
1169 1438 1207 1473 in
1241 1436 1367 1473 officio
1399 1444 1466 1481 est,

69 1505 234 1553 expleat.
312 1506 408 1543 Cum
445 1509 564 1544 tribus
601 1508 753 1556 regibus
792 1508 961 1556 gessistis
999 1507 1098 1544 bella
1138 1520 1206 1556 per
1234 1509 1305 1544 hos
1335 1519 1467 1543 annos.

69 1575 131 1611 Ne
174 1576 258 1624 plus
303 1578 403 1613 obsit
446 1579 576 1624 nobis,
631 1578 733 1626 quod
777 1590 853 1614 uno
896 1576 997 1612 bello
1046 1577 1301 1622 cessavimus,
1353 1589 1468 1624 quam

70 1645 172 1692 qnod
203 1647 350 1683 duobus
382 1647 489 1683 bellis
519 1661 588 1696 pro
619 1648 728 1684 vobis
766 1641 1032 1696 pugnavimus.
1108 1646 1353 1695 Philippum,
1385 1647 1468 1683 An-

68 1714 261 1761 tiochum,
291 1717 435 1753 Persea
465 1723 660 1765 tamquam
694 1724 770 1754 tres
811 1716 1018 1753 sententias
1053 1716 1194 1764 ponite.
1273 1717 1370 1753 Duae
1398 1729 1468 1753 nos

68 1785 290 1830 absolvunt3
330 1798 406 1822 una
436 1793 501 1823 aut
538 1788 654 1825 dubia
687 1794 744 1824 est
781 1793 845 1823 aut
873 1786 1040 1834 gravior.
1116 1786 1158 1823 Si
1186 1786 1240 1822 illi
1277 1787 1324 1823 de
1358 1787 1469 1823 nobis

67 1854 296 1900 iudicarent,
339 1856 510 1892 damnati
537 1869 722 1901 essemus3
766 1869 835 1893 vos
870 1855 1054 1900 iudicate,
1096 1862 1224 1904 patres
1254 1857 1469 1904 conscripti,

67 1922 116 1959 sit
147 1924 307 1960 Rhodus
336 1925 375 1961 in
405 1927 513 1962 terris
544 1939 592 1963 an
621 1927 791 1964 funditus
822 1926 1003 1962 deleatur.
1060 1926 1151 1962 Non
1182 1926 1279 1962 enim
1302 1927 1348 1962 de
1368 1926 1468 1962 bello

68 1993 300 2038 deliberatis,
330 2001 458 2043 patres
489 1997 705 2046 conscripti,
737 1996 840 2045 quod
868 1995 1008 2032 inferre
1035 1997 1207 2045 potestis,
1233 2009 1365 2045 gerere
1393 2009 1470 2033 non

69 2155 88 2182 4
115 2158 144 2183 et
166 2152 198 2189 3,
231 2157 243 2184 1
273 2155 413 2185 credunt
437 2155 492 2185 alii
521 2160 669 2186 uestrum
694 2155 842 2186 uoluisse
870 2154 940 2196 le.
957 2154 1029 2186 Em.
1051 2153 1124 2186 602
1149 2161 1177 2185 et
1200 2160 1270 2186 ante
1294 2154 1471 2197 Heusinyer

69 2209 158 2250 (alii,
195 2211 250 2242 alii
290 2212 451 2252 vestrum)
515 2216 534 2243 3
572 2213 675 2244 ueUet
713 2212 784 2254 My.
813 2218 842 2243 et
880 2211 1008 2243 Vahlen.
1073 2211 1141 2243 Sed
1171 2224 1295 2249 vereor,
1329 2224 1364 2244 ne
1393 2224 1471 2254 yra-

68 2267 137 2298 vius
161 2267 303 2299 mendum
327 2270 432 2302 subsit.
476 2267 479 2308 1
516 2271 625 2311 perire
649 2276 687 2301 nt
711 2271 737 2302 si
791 2274 810 2301 4
846 2270 947 2311 capiti
995 2269 1027 2306 4,
1070 2274 1082 2300 l
1113 2271 1288 2301 damnetur
1311 2271 1377 2302 nisi
1414 2272 1471 2311 qui

68 2345 129 2367 nos
171 2340 190 2367 3
215 2337 371 2369 uolumus
396 2338 463 2369 Ed.
504 2338 632 2371 Vascos.
682 2339 714 2378 5,
741 2344 758 2370 2
786 2345 940 2380 postumo
993 2343 1012 2368 4
1039 2339 1208 2370 saluissint
1235 2340 1239 2381 Ι
1268 2340 1436 2380 depraecor
1465 2340 1468 2378 Ι

66 2399 201 2434 propter
227 2395 272 2426 bis
298 2396 444 2437 scriptum
519 2397 551 2435 6,
576 2401 589 2428 1
618 2398 668 2428 illi
704 2399 708 2439 Ι
743 2398 861 2428 ciuitas
894 2402 927 2427 et
962 2397 1036 2436 ipsa
1071 2396 1143 2439 My.
1188 2397 1308 2439 (Gy-yn.
1336 2403 1369 2428 et
1394 2398 1470 2438 om.)

69 2465 88 2493 2
116 2464 172 2502 qui
199 2465 350 2495 sciebant
374 2464 558 2496 Perizonius
578 2466 583 2504 Ι
605 2465 831 2507 praefugerunt
879 2469 897 2496 3
925 2473 1019 2496 erant
1043 2453 1093 2506 pc.
1145 2465 1175 2503 7,
1202 2471 1221 2497 3
1249 2467 1328 2507 quid
1390 2466 1422 2500 8,
1453 2470 1467 2497 1

68 2520 175 2551 tribus
189 2522 382 2561 regionibus
408 2526 426 2553 2
449 2521 537 2554 Creu.
550 2533 652 2564 quam
666 2524 781 2566 prosit,
799 2524 889 2564 quod
904 2521 971 2554 Sed
984 2525 1043 2565 cfr.
1059 2523 1119 2562 20,
1136 2523 1167 2555 9.
1195 2524 1226 2561 9,
1247 2529 1259 2555 1
1278 2525 1470 2555 anthiocum

69 2580 88 2608 2
115 2578 173 2609 tris
237 2583 256 2610 3
283 2580 386 2611 dubia
410 2586 460 2611 est
485 2586 522 2611 ut
549 2582 686 2621 grauior
716 2582 759 2613 sit
782 2581 832 2612 illi
858 2580 929 2622 31⁷9.
953 2580 1069 2621 (Aliter
1085 2581 1158 2613 Em.
1178 2581 1260 2614 603.
1283 2581 1380 2624 Gryn.
1405 2592 1471 2612 una

70 2646 172 2678 dubia
198 2654 257 2686 est,
283 2654 320 2679 ut
337 2650 470 2688 gravior
487 2650 540 2681 sit.
576 2649 630 2682 Illi
656 2651 696 2681 de
714 2651 811 2681 nobis
834 2650 861 2681 si
886 2649 972 2689 iud.)
1018 2655 1037 2680 4
1063 2650 1219 2682 iudicatis
1244 2639 1296 2692 pc.
1324 2651 1352 2682 si
1370 2651 1470 2682 rodus

71 2706 89 2734 5
110 2713 148 2735 ac
173 2703 322 2737 funditus
371 2706 425 2745 10,
445 2711 462 2737 2
478 2707 617 2739 inserere

1500 394 1521 425 :0

1506 1930 1549 1964 10
