1742 2902
207 368 251 402 Η)

229 644 250 678 ¹0

208 2037 252 2070 10

346 110 417 145 124
688 105 789 135 Liber
814 103 945 134 XLIII.
986 103 1046 143 (A.
1075 112 1107 134 u.
1136 112 1163 134 c.
1193 102 1292 144 584.)

283 229 411 265 liberis
437 227 646 274 servisque,
678 246 726 252 ——
757 227 838 262 haec
867 226 1005 270 missa3
1036 226 1101 261 illa
1130 226 1346 274 petentibus
1377 227 1480 271 data,
1508 231 1548 262 ut
1576 227 1688 266 deno·
1726 233 1733 276 ξ

283 312 366 335 rum
399 308 581 344 equorum
613 295 657 330 iis
692 296 959 332 commercium
989 301 1088 331 esset-
1115 296 1375 343 educendique
1404 308 1451 332 ex
1481 296 1595 332 Italia
1622 309 1688 349 po·
1726 296 1731 312 '⁴

284 374 401 404 testas
432 367 550 400 fieret.
605 365 739 412 Legati
771 377 855 401 eum
887 365 1011 402 Gallis
1042 365 1148 400 missi
1185 372 1289 401 trans
1319 365 1440 413 Alpes
1471 365 1515 403 C.
1541 366 1689 415 Laelius,
1726 345 1730 422 Ξ

283 437 336 473 Μ.
365 435 548 472 AEniilius
580 434 766 482 Lepidus3
798 435 846 470 ad
878 442 1023 472 ceteros
1052 435 1216 484 populos
1247 433 1290 471 C.
1322 434 1498 480 Sicinius,
1528 436 1576 474 P.
1598 434 1691 474 Cor-
1730 440 1731 446 ’

282 506 404 542 nelius
435 505 580 548 Blasio,
614 505 661 540 T.
694 505 908 542 Memmius,

395 575 604 610 Multarum
632 574 743 609 simul
765 573 925 610 Giaeciae
952 574 1133 622 Asiaeque
1156 574 1365 610 eivitatium
1391 574 1507 623 legati
1529 575 1691 614 Romam
1728 572 1731 589 ³

284 650 554 682 convenerunt.
620 643 741 679 Primi
773 643 1027 680 Athenienses
1070 644 1284 680 introducti.
1346 644 1378 680 Ii
1409 655 1462 687 se,
1495 643 1598 691 quod
1626 629 1691 681 na-

282 716 385 751 vium
419 713 620 750 habuerint
651 713 911 760 militumque,
941 714 988 763 P.
1021 713 1168 749 Licinio
1199 713 1344 749 consuli
1375 719 1411 749 et
1441 711 1484 749 C.
1517 712 1693 751 Lucretio
1728 754 1729 758 ,

283 784 437 834 praetori
477 783 625 819 misisse
665 789 941 830 exposuerunt3
987 783 1124 830 quibus
1172 794 1238 819 eos
1276 795 1351 818 non
1390 794 1481 818 usos
1518 781 1695 821 frumenti

285 854 357 890 sibi
389 859 537 889 centum
572 852 675 887 milia
706 852 934 900 imperasse3
967 853 1081 899 quod,
1107 865 1339 900 quamquam
1363 852 1527 888 sterilem
1556 858 1694 890 terram

285 929 439 960 ararent
479 923 659 970 ipsosque
697 922 811 957 etiam
853 929 1024 970 agrestes
1062 922 1264 970 peregrino
1306 921 1497 958 frumento
1541 921 1694 968 alerent,

284 1000 435 1036 tamen,
481 1004 528 1027 ne
559 991 733 1027 deessent
763 991 911 1035 officio,
942 991 1169 1035 confecisse3
1215 999 1251 1027 et
1282 991 1379 1035 alia,
1419 1003 1502 1038 quae
1532 991 1695 1039 impera·
1726 1038 1727 1042 Ἰ

284 1070 426 1105 rentur.
451 1069 633 1110 praestare
656 1069 813 1110 paratos
841 1074 935 1099 esse.
983 1053 1134 1105 Milesii,
1165 1061 1270 1105 nihil,
1301 1061 1400 1109 quod
1423 1061 1695 1109 praestitissent‚
1725 1080 1727 1085 ·

285 1140 563 1170 memorantes.
605 1132 636 1167 si
668 1131 758 1179 quid
792 1132 981 1179 imperare
1012 1132 1060 1167 ad
1091 1131 1230 1167 bellum
1261 1139 1416 1167 senatus
1448 1131 1573 1175 vellet,
1601 1142 1697 1179 prae-

285 1209 388 1239 stare
430 1214 470 1237 se
508 1208 666 1249 paratos
709 1213 791 1236 esse
828 1201 985 1249 polliciti
1029 1209 1127 1237 sunt.
1189 1201 1484 1237 Alabandenses
1515 1200 1695 1248 templum

284 1273 403 1311 Urbis
436 1273 570 1308 Romae
599 1284 640 1307 se
670 1270 806 1308 fecisse
837 1278 1233 1306 commemoraverunt
1263 1271 1450 1318 ludosque
1478 1270 1698 1307 anniversa-

285 1343 363 1379 rios
385 1342 418 1378 ei
445 1342 539 1377 divae
558 1340 778 1385 instituisse,
805 1347 841 1376 et
867 1353 1048 1376 coronam
1076 1353 1231 1376 auream
1258 1339 1535 1388 quinquaginta
1557 1339 1698 1387 pondo,

287 1425 401 1460 quam
435 1412 472 1447 in
497 1410 688 1459 Capitolio
721 1417 917 1458 ponerent,
949 1411 1090 1446 donum
1118 1409 1202 1445 Iovi
1228 1409 1372 1456 optimo
1400 1409 1569 1444 maximo
1597 1414 1696 1444 attu-
1728 1395 1730 1398 Ι

284 1482 391 1525 lisse,
431 1487 467 1517 et
504 1488 612 1516 scuta
642 1481 834 1528 equestria
865 1479 986 1524 CCC;
1029 1492 1094 1523 ea,
1133 1479 1191 1515 eui
1221 1479 1438 1523 iussissent,
1478 1477 1698 1514 tradituros.

287 1552 442 1588 Donum
475 1556 514 1586 ut
544 1551 581 1586 in
613 1550 806 1598 Capitolio
840 1563 983 1599 ponere
1014 1556 1049 1586 et
1079 1549 1292 1586 sacrificare
1322 1548 1468 1592 liceret,
1506 1547 1698 1595 petebant.

285 1623 372 1658 Hoe
403 1627 436 1657 et
466 1620 733 1667 Lampsaceni,
767 1620 926 1656 LXXX
964 1619 1091 1667 pondo
1121 1631 1302 1654 coronam
1335 1617 1563 1662 adferentes,
1595 1621 1698 1665 pete-

285 1692 389 1735 bant,
421 1697 789 1734 commemorantes,
823 1689 1041 1725 discessisse
1071 1702 1111 1725 se
1134 1702 1164 1724 *a
1195 1690 1353 1731 Perseo,
1384 1694 1587 1735 postquam
1619 1687 1697 1723 Ro-

285 1774 420 1797 manus
461 1761 649 1797 exereitus
695 1759 731 1795 in
774 1759 1042 1796 Macedoniam
1081 1759 1269 1802 venisset,
1311 1769 1394 1793 eum
1438 1757 1507 1792 sub
1551 1756 1701 1793 dicione

286 1831 417 1867 Persei
457 1837 493 1866 et-
522 1836 611 1865 ante
639 1830 808 1877 Philippi
840 1829 1011 1865 fuissent.
1079 1829 1158 1864 Pro
1190 1841 1258 1871 eo,
1289 1833 1325 1863 et
1359 1826 1460 1874 quod
1493 1826 1725 1874 imperato·

284 1900 390 1936 ribus
416 1899 602 1936 Romanis
629 1899 757 1935 onmia
788 1899 1071 1947 praestitissent,
1112 1899 1150 1934 id
1180 1910 1221 1934 se
1250 1903 1397 1932 tantum
1429 1908 1559 1940 orare,
1592 1901 1632 1930 ut
1661 1895 1699 1932 in
1724 1909 1725 1913 ¹

286 1970 492 2006 amicitiam
524 1969 654 2017 populi
686 1969 852 2005 Romani
882 1969 1152 2016 reciperentur,
1186 1974 1235 2011 et,
1266 1967 1297 2002 si
1327 1978 1406 2013 pax
1436 1977 1521 2001 eum
1554 1965 1698 2001 Perseo

285 2040 404 2085 fieret,
428 2039 705 2086 exciperentur,
733 2051 780 2074 ne
804 2039 840 2074 in
866 2039 1009 2086 regiam
1035 2044 1266 2086 potestatem
1290 2036 1513 2072 reciderent.
1553 2033 1700 2071 Ceteris
1723 2031 1731 2071 'f

287 2235 341 2273 10,
369 2239 379 2266 l
405 2236 489 2276 alpis
539 2240 557 2266 2
576 2235 668 2276 Piqh.
698 2234 759 2267 Cn.
790 2235 935 2267 Sicinius
961 2246 998 2265 er
1026 2232 1148 2270 XLII,
1173 2232 1205 2269 -9,
1234 2233 1262 2264 8.
1319 2231 1381 2268 VI,
1407 2231 1439 2268 2,
1471 2235 1482 2261 l
1514 2229 1699 2262 introducti
1727 2228 1732 2256 7

286 2294 355 2333 ipse
382 2294 470 2334 quod
532 2297 551 2324 3
578 2294 733 2333 praetorio
756 2294 760 2331 1
784 2293 998 2334 exposuerint
1060 2292 1092 2329 3,
1121 2296 1138 2321 2
1167 2297 1263 2321 arent
1290 2287 1509 2330 Nipperdez'us
1532 2289 1536 2328 Ι
1560 2287 1700 2327 agrestia
1724 2303 1727 2307 ·

287 2354 306 2381 3
333 2356 366 2380 et
391 2351 511 2390 uliquoe
536 2352 780 2391 imperarentur
829 2350 860 2386 4,
882 2354 891 2380 l
925 2349 1049 2380 milessi
1073 2351 1077 2387 1
1100 2348 1181 2379 nihil
1202 2348 1433 2388 praestitissent
1455 2345 1526 2386 My.
1545 2345 1616 2376 Em.
1633 2343 1700 2377 551
1724 2318 1734 2365 l

1724 2375 1733 2425 l

288 2407 407 2449 (Gt-yn.
435 2408 517 2438 nihil
542 2407 754 2449 praestitisse)
805 2412 823 2439 2
850 2412 1021 2449 praestaret
1085 2406 1116 2443 5,
1149 2409 1160 2436 l
1190 2405 1459 2436 adlabandenses
1508 2407 1526 2434 9.
1555 2411 1700 2434 comme·
1724 2427 1726 2432 .

286 2485 426 2506 moraue
486 2475 518 2513 6,
548 2480 559 2506 l
591 2488 718 2508 corona
743 2487 844 2508 aurea
895 2480 914 2507 2
947 2476 1014 2506 ioui
1036 2486 1054 2506 o
1083 2485 1113 2505 m
1163 2478 1349 2515 4'poneret
1374 2471 1562 2504 sacrificare
1622 2469 1654 2509 7,
1681 2472 1696 2502 1

286 2544 352 2575 hoc
385 2544 589 2575 lamseaceni
628 2545 725 2576 Gron.
811 2545 843 2582 8,
875 2548 887 2575 1
930 2544 1125 2574 discessisse
1151 2552 1191 2573 ea
1216 2551 1332 2583 perseo
1355 2541 1360 2580 l
1383 2549 1524 2571 romano
1551 2539 1700 2571 exercitu

287 2612 320 2650 9,
348 2617 366 2643 3
395 2613 575 2644 amicitiam
602 2601 641 2653 pi·
666 2614 795 2644 romani
854 2617 873 2643 4
899 2617 1101 2654 potestatem
1131 2611 1359 2651 reciperentur
1388 2608 1486 2640 Gron.
