1753 2934
128 518 180 562 27

297 127 374 163 244
655 124 757 154 Liber
782 123 890 154 XLV.
948 124 1010 162 (Α.
1039 133 1072 153 ιι.
1101 132 1128 154 c.
1160 126 1256 163 587.)

242 248 370 285 Unam
412 259 495 282 eam
536 245 644 288 fecit,
697 258 781 293 quae
820 257 937 294 supra
977 246 1099 282 Issam
1133 252 1212 289 est,
1267 245 1427 282 alteram
1460 245 1654 282 Labeatas

243 328 398 359 omnes,
428 316 579 352 tertiam
612 316 877 363 Agrauonitas
909 322 945 351 et
977 315 1201 351 Rhizonitas
1233 321 1269 351 et
1299 314 1511 351 Olciniatas
1543 327 1654 351 acco-

240 386 373 432 lasque
405 398 546 421 eorum.
614 385 700 420 Hac
730 384 896 420 formula
927 383 1108 434 dicta[in]
1142 385 1319 433 Illyrico,
1359 385 1441 433 ipse
1478 384 1515 420 in
1546 384 1655 432 Epiri

242 456 499 491 Passaronem
532 454 570 489 in
603 454 762 490 hiberna
791 455 912 490 rediit.

352 525 453 560 Dum
496 526 574 561 haee
619 524 656 560 in
688 524 843 572 Illyrico
873 531 1078 572 geruntur,
1129 523 1275 560 Paulus
1321 528 1408 558 ante
1449 522 1653 558 adventum

238 593 366 629 decem
400 594 613 643 legatorum
646 594 692 641 Q.
726 594 939 629 Maximum
975 593 1117 637 filium,
1160 593 1235 628 iam
1271 593 1318 627 ab
1351 593 1477 628 Roma
1506 603 1653 639 regres-

237 674 345 706 sum,
399 664 447 699 ad
477 664 678 712 AEginium
726 671 762 699 et
793 665 968 710 Agassas
1007 662 1240 709 diripiendas
1279 661 1413 705 mittit,
1464 663 1651 708 Agassas,

239 733 364 780 quod,
414 745 499 769 curn
534 733 683 769 Marcio
724 732 867 768 consuli
908 732 1153 767 tradidissent
1185 732 1336 774 urbem,
1387 730 1506 778 petita
1552 730 1652 766 ultro

237 803 420 839 societate
453 804 642 847 Romana,
673 801 892 838 defecerant
922 813 1053 837 rursus
1086 801 1135 836 ad
1168 802 1335 844 Persea;
1366 800 1651 847 AEginiensium

237 885 380 908 novum
413 874 554 908 crimen
585 878 678 909 erat.
763 873 895 908 Famae
939 871 985 906 de
1029 871 1190 906 victoria
1234 872 1498 907 Romanorum
1539 869 1652 906 fidem

236 954 311 977 non
343 942 540 987 habentes,
585 943 621 977 in
669 943 856 990 quosdam
889 941 1046 977 militum
1080 941 1210 976 urbem
1244 940 1435 988 ingressos
1465 939 1653 976 hostiliter

237 1012 450 1048 saevierant.
518 1011 583 1047 Ad
613 1013 820 1048 AEniorurn
863 1023 1017 1058 quoque
1050 1011 1180 1046 urbem
1214 1009 1465 1058 diripiendam
1501 1010 1543 1047 L.
1572 1010 1651 1045 Po-

234 1082 413 1116 stumium
445 1081 567 1126 misit,
618 1081 719 1128 quod
760 1081 990 1129 pertinacius
1031 1093 1145 1127 quam
1189 1080 1369 1115 finitumae
1409 1079 1582 1115 civitates
1614 1079 1652 1115 in

235 1151 350 1186 armis
381 1150 544 1186 fuerant.
609 1152 819 1187 Auctumni
850 1151 930 1187 fere
975 1157 1123 1197 tempus
1169 1157 1269 1194 erat,
1319 1150 1425 1186 cuius
1467 1149 1651 1196 temporis

233 1220 340 1256 initio
381 1221 429 1256 ad
470 1221 778 1256 circumeundam
812 1221 1003 1258 Graeciam
1036 1219 1292 1266 visendaque,
1333 1231 1412 1266 quoe
1449 1219 1651 1255 nobilitata

232 1289 339 1326 fama
371 1290 517 1326 maiora
560 1290 715 1325 auribus
759 1297 918 1336 accepta
955 1296 1065 1331 sunt,
1115 1301 1230 1335 quam
1275 1289 1393 1324 oculis
1431 1296 1650 1333 noscuntur,

236 1359 288 1396 uti
320 1360 464 1397 statuit.
549 1359 763 1407 Praeposito
805 1359 940 1395 castris
979 1357 1021 1394 C.
1055 1358 1225 1406 Sulpicio
1270 1357 1411 1401 Gallo,
1455 1358 1650 1406 profectus

235 1442 318 1465 cum
351 1431 444 1465 haut
474 1440 616 1475 magno
648 1428 853 1472 comitatu,
896 1427 1112 1475 tegentibus
1144 1428 1267 1463 latera
1296 1428 1475 1475 Scipione
1506 1428 1583 1464 filio
1615 1435 1652 1465 et

234 1500 438 1543 Athenaeo,
470 1499 653 1534 Eumenis
682 1499 783 1546 regis
814 1498 944 1539 fratre,
976 1510 1044 1545 per
1074 1498 1316 1533 Thessaliam
1340 1497 1514 1545 Delphos
1545 1498 1651 1546 petit,

233 1569 415 1616 inclytum
449 1569 663 1612 oraculum3
700 1569 763 1604 ubi
794 1567 981 1603 sacrificio
1013 1567 1185 1615 Apollini
1217 1567 1342 1611 facto,
1384 1566 1584 1603 inchoatas
1613 1568 1651 1604 in

233 1637 422 1673 vestibulo
454 1638 673 1682 columnas,
706 1638 842 1685 quibus
873 1636 1074 1684 inposituri
1106 1644 1253 1672 statuas
1283 1636 1383 1684 regis
1407 1637 1538 1672 Persei
1568 1636 1649 1673 fue-

232 1714 330 1751 rant,
361 1707 438 1743 suis
472 1708 608 1743 statuis
638 1708 761 1743 victor
791 1706 1007 1742 destinavit.
1074 1706 1253 1741 Lebadiae
1284 1718 1437 1753 quoque
1467 1706 1648 1754 templum

231 1777 336 1812 Iovis
364 1777 579 1824 Trophonii
610 1777 715 1812 adiit.
782 1777 841 1812 Ibi
873 1788 955 1811 cum
988 1775 1145 1811 vidisset
1178 1787 1220 1811 os
1251 1788 1406 1823 specus,
1445 1788 1513 1823 per
1546 1776 1649 1823 quod

231 1846 388 1882 oraculo
429 1854 577 1881 utentes
624 1847 857 1882 sciscitatum
901 1846 993 1880 deos
1032 1845 1284 1889 descendunt,
1333 1845 1520 1881 sacrificio
1563 1846 1648 1882 Iovi

231 1916 524 1963 Hercynnaeque
554 1915 680 1960 facto,
732 1928 893 1964 quorum
925 1915 976 1951 ibi
1007 1915 1190 1963 templum
1223 1921 1302 1959 est,
1346 1914 1567 1952 Chalcidem
1598 1916 1647 1952 ad

230 2119 284 2155 15,
314 2123 331 2149 2
360 2128 462 2159 supra
487 2119 610 2148 dictam
639 2121 690 2147 est
718 2116 789 2157 My.
817 2115 891 2147 Em.
923 2115 999 2147 606
1025 2116 1144 2156 (Gryn.
1173 2126 1273 2156 supra
1299 2116 1389 2146 dicta
1414 2116 1477 2156 est)
1527 2120 1546 2148 3
1575 2127 1645 2148 om-

229 2178 284 2206 nia
312 2177 443 2206 tertiam
471 2181 689 2214 agrauomtas
715 2180 747 2204 et
772 2175 915 2204 rizonita
956 2173 959 2209 Ι
1001 2179 1033 2203 ct
1061 2173 1264 2203 olcerutinos
1291 2172 1387 2204 Frob.
1408 2172 1457 2204 ΙΙ.
1509 2174 1608 2205 4hoc
1639 2175 1643 2215 Ῑ

228 2235 261 2264 in
289 2234 409 2264 notarit
435 2232 565 2273 Kreyss.
624 2236 641 2261 5
670 2232 805 2262 redituri
847 2233 928 2262 Ante
953 2236 1009 2261 aut
1034 2231 1067 2260 in
1094 2231 1232 2270 Epirum
1261 2230 1486 2262 Passaronem
1515 2238 1582 2267 aut,
1609 2233 1644 2263 in

231 2291 353 2327 omisso,
370 2291 461 2331 Epiri
478 2290 703 2320 Passaronem
720 2288 870 2329 (H'eiss.)
884 2286 1091 2319 scribendum.
1143 2288 1292 2325 XXVII,
1311 2288 1343 2324 1,
1359 2293 1376 2318 2
1394 2289 1436 2319 ab
1453 2299 1584 2320 romam
1623 2293 1642 2320 3

229 2354 261 2379 et
286 2358 398 2379 cassas
446 2347 479 2385 2,
503 2351 521 2377 2
550 2346 860 2387 eonsulelpetitam
910 2345 1177 2384 3agenicnsium
1228 2346 1260 2383 3,
1284 2349 1294 2375 l
1315 2345 1405 2376 farne
1453 2345 1486 2383 4,
1517 2350 1529 2377 l
1561 2356 1643 2387 quo-

228 2415 292 2446 que
328 2405 496 2435 hostiliter
529 2404 648 2434 urbem
678 2403 810 2445 Kreyss.
877 2407 895 2433 2
932 2403 1135 2443 pertinaciut
1208 2402 1249 2440 5,
1285 2406 1302 2432 2
1338 2404 1378 2433 ad
1407 2414 1464 2434 om.
1507 2402 1605 2445 Gryn.
1637 2406 1640 2446 l

226 2464 473 2503 uisendamque
500 2462 643 2492 nobilita
666 2460 730 2500 (H.
753 2460 888 2499 nobila)
939 2464 958 2490 3
987 2459 1110 2490 famam
1135 2462 1140 2496 Ι
1162 2460 1325 2491 maioram
1355 2460 1486 2502 Kreyss.
1520 2460 1639 2502 (Gryn.

227 2521 349 2560 magis)
400 2523 419 2549 4
447 2525 483 2549 ut
506 2519 623 2550 statuit
648 2519 828 2559 praeposito
859 2517 929 2558 My.
957 2517 1032 2548 Em.
1064 2517 1138 2547 607
1201 2518 1232 2554 6,
1266 2521 1276 2547 l
1307 2518 1469 2558 sulpicius
1495 2518 1571 2557 galo
1621 2521 1640 2548 2

225 2583 284 2608 aut
306 2578 310 2616 Ι
334 2577 475 2618 scipioni
526 2580 544 2606 3
573 2576 716 2606 atheneo
740 2576 744 2614 Ι
767 2576 940 2606 tessaliam
969 2575 1086 2615 dclpos
1112 2575 1236 2615 petitur
1286 2574 1316 2612 7,
1345 2579 1362 2604 2
1390 2575 1496 2615 persei
1522 2581 1642 2616 potue-

225 2639 301 2665 rant
348 2633 382 2671 8,
414 2637 425 2664 1
457 2633 600 2663 leuadiae
652 2637 670 2663 2
698 2632 875 2673 trophouis
904 2631 1016 2673 Siyon.
1039 2632 1043 2671 Ι
1065 2632 1136 2662 adit
1186 2635 1205 2662 4
1232 2631 1422 2662 calchidem
