1742 2902
731 262 755 274 d

565 380 748 430 Liber
789 380 929 431 XLl.

158 578 218 599 *⁴*
285 589 308 613 a
343 582 452 625 patre
490 576 528 612 in
566 587 661 624 pace
701 575 870 611 habitam
907 587 1079 612 armasse
1116 588 1239 624 eoque
1274 576 1462 613 iuventuti

46 647 243 697 praedandi
273 646 420 694 cupidae
450 653 654 694 pergratus
685 657 768 682 esse
797 645 1006 682 dicebatur.

160 715 370 754 Consilium
417 716 464 751 de
509 716 678 752 Histrico
724 715 822 752 bello
869 727 953 752 cum
999 715 1156 752 haberet
1201 715 1352 760 consul,
1397 714 1462 751 alii

46 786 253 835 gerendum
285 785 498 832 extemplo,
540 793 747 833 antequam
788 786 1013 822 contrahere
1046 786 1177 834 copias
1209 785 1339 821 hostes
1370 796 1460 833 pos-

46 862 150 901 sent,
189 855 253 892 alii
291 854 564 892 consulendum
605 854 711 902 prius
750 862 923 890 senatum
961 856 1178 891 censebant.
1243 854 1345 890 vicit
1375 865 1461 889 sen-

47 926 186 970 tentia,
227 938 309 973 quae
353 924 452 961 diem
501 936 576 960 non
622 923 856 972 proferebat.
934 924 1138 960 Profectus
1184 924 1233 960 ab
1279 923 1463 970 Aquileia

47 995 180 1032 consul
200 1002 327 1031 castra
356 995 403 1031 ad
425 995 549 1030 lacum
578 994 733 1030 Timavi
759 993 904 1042 posuit;
936 993 1121 1040 (imminet
1149 994 1245 1030 mari
1264 994 1296 1029 is
1317 993 1423 1030 lacus
1434 993 1460 1039 3)

47 1064 180 1102 eodem
212 1064 341 1101 decem
374 1064 535 1101 navibus
567 1063 610 1103 C.
644 1063 782 1100 Furius
815 1063 993 1100 duumvir
1022 1063 1171 1100 navalis
1201 1063 1316 1100 venit.
1376 1062 1460 1100 Ad-

47 1146 182 1173 versus
210 1134 429 1183 Illyriorum
475 1135 636 1171 classem
677 1133 796 1170 creati
833 1133 1024 1169 duumviri
1055 1133 1212 1170 navales
1243 1139 1365 1177 erant,
1396 1132 1462 1181 qui

47 1204 197 1241 tuendae
227 1204 361 1252 viginti
392 1206 554 1242 navibus
586 1204 702 1241 maris
732 1203 862 1251 superi
896 1215 973 1239 orae
1002 1204 1206 1239 Anconam
1242 1203 1347 1239 velut
1376 1214 1462 1238 car-

47 1273 173 1310 dinem
215 1274 418 1319 haberent3
464 1274 551 1311 inde
593 1275 638 1311 L.
671 1273 872 1311 Cornelius
911 1273 1049 1309 dextra
1094 1272 1209 1308 litora
1254 1284 1375 1320 usque
1413 1271 1463 1308 ad

41 1343 273 1388 ‘Tarentum7
304 1342 348 1382 C.
380 1344 520 1380 Furius
550 1344 648 1380 laeva
678 1355 799 1391 usque
829 1343 878 1379 ad
911 1342 1132 1390 Aquileiam
1163 1349 1344 1379 tueretur.
1394 1341 1463 1378 Eae

48 1424 167 1449 naves
197 1413 247 1450 ad
275 1414 493 1462 proximum
525 1422 676 1462 portum
716 1413 755 1449 in
785 1413 941 1449 Histriae
973 1414 1067 1449 fines
1098 1425 1183 1449 cum
1215 1411 1399 1448 onerariis
1427 1416 1465 1447 et

49 1494 190 1530 magno
228 1490 443 1520 commeatu
485 1483 630 1527 missae;
683 1490 911 1531 secutusque
952 1495 1036 1520 cum
1075 1482 1291 1531 legionibus
1331 1479 1465 1517 consul

49 1552 216 1600 quinque
253 1552 373 1589 ferme
407 1553 512 1589 milia.
551 1566 574 1590 a
605 1552 701 1589 mari
744 1553 872 1601 posuit
903 1559 1042 1589 castra.
1112 1553 1159 1589 In
1189 1558 1303 1600 portu
1331 1563 1463 1599 empo—

46 1621 144 1658 rium
177 1622 284 1658 brevi
315 1621 562 1670 perfrequens
594 1622 758 1666 factum,
794 1623 1000 1670 omniaque
1029 1623 1118 1659 hine
1147 1622 1185 1658 in
1215 1628 1343 1658 castra
1373 1621 1464 1657 sub-

47 1693 314 1740 portabantur.
386 1692 456 1736 Et,
491 1704 567 1740 quo
597 1693 637 1728 id
668 1693 786 1729 tutius
814 1693 943 1737 fieret,
981 1691 1166 1727 stationes
1207 1693 1255 1729 ab
1286 1691 1464 1728 omnibus

48 1768 261 1799 castrorum
311 1762 484 1810 partibus
533 1763 776 1800 circumdatae
814 1770 913 1802 sunt.
990 1763 1035 1798 In
1079 1761 1266 1798 Histriam
1310 1772 1465 1797 versum

48 1831 266 1880 praesidium
291 1832 471 1868 stativum
496 1833 697 1880 repentina
731 1835 870 1870 cohors
901 1832 1128 1869 Placentina
1157 1831 1337 1880 opposita
1366 1831 1466 1866 inter

50 1911 157 1937 mare
187 1907 225 1936 et.
253 1907 402 1945 castra;
432 1907 480 1944 et,
513 1909 554 1938 ut
583 1903 673 1938 item
701 1903 952 1950 aquatoribus
978 1902 1027 1938 ad
1050 1901 1207 1938 fluvium
1239 1908 1337 1938 esset
1367 1912 1465 1948 prae-

50 1968 211 2012 sidium,
240 1969 296 2005 M.
319 1970 517 2014 AEbufius,
547 1972 720 2008 tribunus
752 1972 910 2008 militum
942 1971 1117 2008 secundae
1144 1970 1326 2019 legionis,
1368 1970 1465 2006 duos

49 2038 265 2086 manipulos
295 2039 454 2076 militum
487 2053 532 2077 eo
572 2041 709 2078 ducere
746 2042 871 2078 iussus
909 2048 977 2078 est.
1051 2041 1098 2077 T.
1129 2045 1165 2076 et
1196 2038 1239 2075 C.
1270 2038 1367 2076 AElii
1396 2037 1464 2074 tri-

48 2106 141 2145 buni
170 2107 330 2144 militum
363 2108 550 2157 legionem
582 2110 755 2155 tertiam,
795 2123 877 2159 quae
908 2110 1156 2159 pabulatores
1189 2114 1225 2144 et
1254 2108 1464 2157 lignatores

143 2283 353 2316 Interciderat
372 2285 446 2323 iam,
473 2296 540 2316 cum
558 2285 658 2317 codex
675 2285 888 2317 La111·e'.s·lz(1›111'
909 2291 1048 2327 repertus
1071 2291 1124 2323 est,
1151 2287 1316 2326 quaternio
1330 2287 1464 2328 primus,

49 2341 80 2373 in
105 2353 166 2383 quo
188 2348 304 2383 praeter
329 2341 397 2373 αῖία-
421 2343 546 2384 scripcoe
573 2350 664 2374 erant
680 2355 729 2374 res
753 2355 774 2374 α
799 2343 848 2375 Ti.
873 2342 1019 2375 Graccho
1040 2344 1231 2384 proconsule
1249 2344 1279 2376 in
1297 2344 1465 2386 Hispania

47 2405 159 2441 9estoe,
194 2398 307 2431 deinde
333 2401 528 2432 narrationis
553 2401 627 2432 belli
649 2401 787 2432 Histrici
821 2401 949 2432 initium.
1020 2400 1060 2431 In
1086 2411 1155 2442 cap.
1182 2401 1320 2439 I—IX‚
1347 2402 1464 2433 amisso

45 2462 121 2498 post
137 2455 266 2499 Grynoea
291 2463 410 2488 celarem
432 2459 635 2499 quaternione
663 2458 762 2490 altero
787 2457 915 2496 codicis,
938 2469 999 2500 pro
1025 2457 1133 2490 coelice
1157 2465 1202 2490 est
1224 2459 1299 2490 edit.
1318 2458 1353 2490 F
1351 2460 1416 2490 rob.
1432 2459 1463 2491 1.

49 2513 83 2551 3,
109 2518 128 2545 3
154 2515 314 2545 tuendam
339 2515 407 2555 vig.
433 2525 506 2547 nav.
542 2517 627 2547 mari
654 2518 826 2558 superiore
852 2517 1036 2548 Anconam
1067 2515 1273 2550 florebellus.
1323 2517 1356 2558 6‚
1386 2521 1399 2548 l
1430 2517 1464 2548 iu

48 2569 279 2612 Risu-iamque
305 2581 401 2603 suum
426 2582 523 2614 praeS.
554 2573 693 2606 Gronov.
744 2579 763 2605 3
790 2580 822 2605 et
870 2580 907 2605 ut
930 2575 1018 2605 idem
1044 2580 1157 2615 aquat.
1184 2574 1258 2616 My.
1280 2574 1354 2606 Em.
1381 2572 1463 2606 493.

52 2630 71 2658 5
105 2628 249 2659 militum
283 2629 428 2661 adiicere
461 2629 533 2672 My.
558 2631 633 2665 Em.
660 2631 736 2663 ibid.
765 2630 934 2673 (Similiter
959 2632 1089 2663 coniecit
1120 2631 1250 2670 Weiss.)

85 2690 183 2716 Livius
203 2697 240 2716 ex
257 2697 303 2717 ree
322 2691 465 2725 Madvigii.
506 2694 569 2719 VII.
1157 2694 1172 2724 1
