1753 2934
236 128 254 161 7
263 126 284 160 2
798 125 968 157 Periocha-²

178 255 446 295 componendam
483 264 556 285 eam
589 255 789 287 valuerumt.
844 256 996 298 Populus
1020 257 1193 289 Romanus
1227 267 1308 298 saga
1335 260 1486 299 sumpsit.
1537 260 1585 293 M.

178 316 304 346 Brutus
339 316 371 346 in
398 315 502 356 Epiro
530 315 572 349 C.
595 317 783 348 Antonium
819 324 996 359 praetorem
1035 329 1110 349 cum
1145 319 1294 350 exercitu
1326 321 1482 360 potestati
1518 331 1586 352 suae

178 378 330 408 subiecit.

716 470 780 501 EX
807 470 896 502 LIB.
923 470 1048 503 CXIX.

272 558 311 593 C.
350 560 537 591 Trebonius
570 560 602 590 in
639 561 724 592 Asia
758 561 872 592 fraude
908 562 946 593 P.
984 562 1169 593 Dolabellae
1203 563 1335 594 occisus
1369 570 1436 602 est3
1478 565 1520 596 ob
1555 566 1585 595 id

178 621 310 653 facinus
344 621 523 652 Dolabella
558 621 664 653 hostis
701 633 718 652 a
754 631 872 654 senatu
905 624 1072 654 iudicatus
1108 630 1168 655 est.
1229 622 1337 661 Quum
1371 625 1484 656 Pansa
1518 636 1586 658 cos.

178 683 269 714 male
303 683 465 713 adversus
504 684 688 714 Antonium
725 691 926 725 pugnasset,
983 687 1021 715 A.
1058 685 1186 716 Hirtius
1221 696 1288 717 eos.
1328 695 1401 717 cum
1440 689 1588 719 exercitu

180 745 438 785 superveniens‚'
456 743 538 775 susis
558 745 604 776 M.
623 746 764 776 Antonii
793 746 908 786 copiis,
937 744 1104 776 fortunam
1126 747 1298 785 uti-iusque
1312 747 1415 787 partis
1433 749 1586 788 aequavit..

179 805 298 837 Victus
336 806 456 836 deinde
488 807 529 836 ab
557 807 666 836 Hirtio
701 814 731 837 et
761 808 892 837 Caesare
930 807 1096 837 Antonius
1131 809 1163 837 in
1195 808 1339 838 Galliam
1379 809 1531 849 confugit
1557 817 1589 841 et

180 868 226 898 M.
255 868 419 908 Lepidum
447 877 521 898 cum
549 868 749 907 legionibus.
785 878 858 908 quae
883 869 944 899 sub
971 878 1009 899 eo
1036 874 1139 905 erant,
1172 869 1234 899 sibi
1262 870 1381 904 iunxit.
1416 871 1589 912 hostisque

179 939 199 960 a
224 937 344 960 senatu
371 939 446 959 cum
475 930 648 967 omnibus,
689 931 743 971 qui
771 931 857 960 iutra
887 931 1041 971 praesidia
1068 931 1139 961 eius
1169 938 1316 968 essent..
1335 931 1500 963 iudicatus
1527 940 1589 966 est.

181 991 224 1022 A.
255 990 402 1024 Hirtius.
441 992 496 1031 qui
526 1002 600 1032 post
632 993 805 1023 victoriam
841 993 873 1022 in
907 992 988 1033 ipsis
1020 993 1164 1022 hostium
1193 993 1308 1024 eastris
1334 994 1519 1034 ceciderat,
1557 1002 1589 1026 et

184 1051 222 1084 C.
249 1052 359 1082 Pansa
385 1062 426 1082 ex
452 1053 599 1088 vulnere.
633 1055 721 1094 quod
748 1055 780 1084 iu
809 1055 948 1084 adverso
975 1054 1093 1093 proelio
1120 1060 1316 1094 exceperat,
1352 1055 1530 1087 defunctus
1557 1057 1590 1087 in

181 1124 300 1155 campo
329 1114 451 1144 Martio
478 1114 599 1154 sepulti
627 1123 714 1147 sunt.
767 1116 939 1146 Adversus
967 1115 1004 1146 C.
1024 1115 1201 1146 Caesarem.
1228 1116 1283 1156 qui
1310 1117 1399 1147 solus
1427 1118 1590 1149 extribus

181 1177 323 1206 ducibus
349 1182 531 1216 supererat,
560 1187 677 1216 parum
705 1184 819 1217 gratus
847 1184 982 1208 senatus
1009 1176 1082 1214 fuit,
1110 1177 1164 1216 qui
1192 1177 1233 1207 D.
1263 1178 1379 1213 Bruto,
1415 1179 1590 1210 obsidione

181 1237 366 1268 Mutinensi
394 1248 413 1267 a
443 1236 572 1267 Caesare
601 1238 763 1272 liberato,
800 1239 956 1278 triumphi
993 1239 1121 1269 honore
1155 1239 1306 1274 decreto,
1335 1238 1478 1271 Caesaris
1504 1241 1589 1270 mili-

181 1307 319 1339 tumque
347 1299 417 1329 eius
445 1299 650 1329 mentionem
677 1309 743 1329 non
771 1300 854 1330 satis
880 1306 1011 1338 gratam
1038 1300 1164 1330 babuit.
1218 1300 1269 1331 Ob
1297 1311 1371 1341 quae
1401 1301 1437 1331 C.
1466 1301 1588 1339 Caesar,

180 1361 403 1391 reconciliata
435 1369 493 1400 per
525 1360 571 1391 M.
602 1360 766 1401 Lepidum
803 1370 877 1390 cum
912 1359 957 1390 M.
984 1361 1135 1391 Antonio
1173 1362 1296 1399 gratia,
1336 1363 1478 1394 Romam
1516 1373 1589 1394 cum

183 1423 335 1454 exercitu
361 1423 451 1452 venit
476 1429 507 1452 et
534 1423 696 1462 perculsis
722 1424 868 1453 adventu
900 1422 970 1452 eius
1005 1422 1069 1462 eis,
1108 1423 1164 1463 qui
1190 1423 1223 1453 in
1251 1433 1326 1455 eum
1353 1425 1454 1465 iniqui
1484 1431 1590 1465 erant,

183 1495 286 1526 quum
313 1494 420 1515 annos
445 1483 531 1514 XIX
558 1484 706 1517 haberet.
734 1484 851 1514 consul
879 1491 1010 1514 creatus
1037 1491 1096 1515 est.

729 1630 792 1661 Ex
820 1629 907 1661 LIB.
937 1629 1045 1661 CXX.

276 1721 313 1753 C.
342 1721 457 1754 Caesar
483 1732 550 1754 cos.
579 1722 687 1763 legem
715 1723 790 1753 tulit
814 1724 854 1752 de
882 1722 1067 1763 quaestione
1094 1722 1250 1753 habenda
1276 1724 1308 1752 in
1334 1733 1410 1759 eos,
1449 1733 1590 1763 quorum

182 1795 283 1825 opera
319 1784 431 1815 Caesar
464 1791 558 1824 pater
597 1785 728 1816 occisus
766 1791 871 1822 esset3
916 1784 1144 1825 postulatique
1187 1794 1227 1820 ea
1264 1784 1338 1823 lege
1371 1784 1420 1816 M.
1454 1784 1590 1821 Brutus,

183 1846 221 1879 C.
251 1846 407 1883 Cassius,
454 1846 495 1877 D.
526 1847 649 1876 Brutus
683 1846 840 1876 absentes
884 1847 1033 1876 damuati
1073 1852 1160 1878 sunt.
1223 1844 1333 1884 Quum
1362 1846 1409 1876 M.
1443 1846 1591 1876 Antonio

180 1909 267 1939 vires
290 1909 429 1939 Asinius
455 1917 590 1948 quoque
616 1908 728 1938 Pollio
754 1914 787 1937 et
815 1907 988 1938 Munatius
1017 1907 1164 1936 Plancus
1192 1916 1266 1937 cuin
1295 1906 1499 1937 exercitibus
1524 1908 1592 1938 suis

181 1970 332 2001 adiuncti
367 1970 601 2010 ampliassent.
647 1968 688 1999 1).
715 1969 856 2006 Brutus,
895 1970 946 1999 cui
981 1975 1132 2004 senatus,
1171 1975 1207 1998 ut
1237 1975 1494 2009 persequeretur
1519 1968 1593 1998 Au-

181 2032 324 2071 tonium,
351 2032 577 2067 mandaverat,
606 2031 742 2061 relictus
770 2042 789 2061 a
815 2030 1006 2069 legionibus
1032 2030 1100 2061 suis
1126 2029 1292 2070 profugit3
1319 2031 1374 2060 sed
1401 2032 1459 2068 †et
1485 2039 1591 2060 caesus

181 2094 272 2124 iussu
301 2092 460 2128 Antonii,
500 2092 533 2120 in
569 2091 664 2121 euius
692 2098 889 2131 potestatem
917 2098 1064 2127 venerat,
1099 2100 1118 2120 a
1145 2089 1282 2130 Capeno
1309 2090 1464 2131 Sequano
1492 2092 1593 2121 inter-

181 2154 289 2186 fectus
316 2160 377 2184 est.
432 2153 468 2184 C.
498 2152 611 2183 Coesar
637 2163 752 2193 pacem
782 2165 856 2184 eum
886 2154 1036 2185 Antonio
1063 2159 1095 2183 et
1121 2152 1249 2192 Lepido
1283 2151 1364 2182 fecit
1391 2153 1446 2187 ita,
1480 2159 1515 2182 ut
1540 2152 1593 2183 III

182 2217 242 2246 viri
271 2216 316 2245 rei
344 2215 486 2256 publicae
513 2215 758 2245 constituendae
784 2225 843 2256 per
870 2215 1136 2255 quinquennium
1166 2221 1277 2244 esseut
1303 2214 1372 2254 ipse
1396 2220 1427 2244 et
1446 2214 1592 2254 Lepidus

182 2284 214 2308 et
241 2279 425 2310 Antonius,
463 2283 495 2306 et
521 2284 556 2306 ut
582 2286 661 2306 suos
687 2277 827 2317 quisquc
863 2278 1017 2307 inimicos
1045 2277 1310 2317 proscriberent;
1347 2277 1378 2305 in
1416 2285 1480 2314 qua
1515 2285 1592 2316 pro-

183 2339 363 2379 scriptione
392 2338 527 2378 plurimi
555 2339 682 2377 equites
709 2337 866 2373 Roinuni,
904 2336 1036 2368 CXXX
1064 2345 1256 2367 senatorum
1284 2338 1421 2367 nomina
1447 2337 1592 2376 suerunt,

183 2406 216 2430 et
242 2399 327 2430 inter
353 2409 410 2430 eos
435 2399 473 2430 L.
502 2400 612 2431 Pauli.
640 2399 751 2429 fratris
778 2400 823 2430 M.
854 2400 982 2440 Lepidi,
1011 2406 1041 2429 et
1069 2399 1106 2430 L.
1138 2398 1294 2432 Caesaris.
1322 2399 1462 2429 Antonii
1490 2408 1592 2429 avun-

183 2462 259 2500 culi,
287 2468 319 2491 et
344 2460 390 2491 M.
420 2459 606 2492 Ciceronis.
657 2461 764 2490 Huius
791 2461 892 2491 occisi
920 2471 939 2491 a
968 2461 1110 2501 Popillio
1137 2461 1322 2500 legionario
1349 2460 1464 2496 milite,
1491 2469 1591 2499 quum

182 2523 322 2553 haberet
348 2532 454 2553 annos
482 2522 619 2559 LXIII,
656 2529 757 2563 caput
784 2532 917 2562 quoque
951 2533 1024 2553 cum
1062 2523 1181 2552 dextra
1206 2526 1307 2552 manti
1334 2522 1365 2552 in
1394 2521 1509 2552 rostris
1533 2531 1592 2561 po-

183 2584 281 2614 situm
308 2590 368 2616 est.
418 2583 585 2614 Praeterea
610 2592 662 2614 res
689 2594 707 2613 a
733 2583 782 2616 M.
808 2584 915 2615 Bruto
942 2584 976 2613 in
1005 2584 1135 2614 Graecia
1161 2590 1273 2623 gestas
1299 2582 1459 2615 continet,
