<?xml version="1.0" encoding="UTF-8"?>
<!DOCTYPE html PUBLIC "-//W3C//DTD XHTML 1.0 Transitional//EN"
    "http://www.w3.org/TR/xhtml1/DTD/xhtml1-transitional.dtd">
<html xmlns="http://www.w3.org/1999/xhtml" xml:lang="en" lang="en">
 <head>
  <title>
</title>
<meta http-equiv="Content-Type" content="text/html;charset=utf-8" />
  <meta name='ocr-system' content='tesseract 3.04.00' />
  <meta name='ocr-capabilities' content='ocr_page ocr_carea ocr_par ocr_line ocrx_word'/>
</head>
<body>
  <div class='ocr_page' id='page_1' title='image "./p1historiarumrom04livyuoft_0371.png"; bbox 0 0 1753 2934; ppageno 0'>
   <div class='ocr_carea' id='block_1_1' title="bbox 677 131 1468 168">
    <p class='ocr_par' dir='ltr' id='par_1_1' title="bbox 677 131 1468 168">
     <span class='ocr_line' id='line_1_1' title="bbox 677 131 1468 168; baseline 0.008 -6"><span class='ocrx_word' id='word_1_1' title='bbox 677 132 749 162; x_wconf 87' lang='lat' dir='ltr'>Lib.</span> <span class='ocrx_word' id='word_1_2' title='bbox 776 131 979 162; x_wconf 80' lang='lat' dir='ltr'><strong>Xle-L,</strong></span> <span class='ocrx_word' id='word_1_3' title='bbox 1422 135 1468 168; x_wconf 68' lang='lat'>⁴5</span> 
     </span>
    </p>
   </div>
   <div class='ocr_carea' id='block_1_2' title="bbox 120 261 1526 671">
    <p class='ocr_par' dir='ltr' id='par_1_2' title="bbox 120 261 1526 671">
     <span class='ocr_line' id='line_1_2' title="bbox 123 261 1526 304; baseline -0.001 -10"><span class='ocrx_word' id='word_1_4' title='bbox 123 264 432 304; x_wconf 75' lang='lat' dir='ltr'>obtestationesque</span> <span class='ocrx_word' id='word_1_5' title='bbox 467 263 603 294; x_wconf 86' lang='lat' dir='ltr'>ultimas</span> <span class='ocrx_word' id='word_1_6' title='bbox 639 263 807 298; x_wconf 78' lang='lat' dir='ltr'>adiectas,</span> <span class='ocrx_word' id='word_1_7' title='bbox 851 267 886 292; x_wconf 86' lang='lat' dir='ltr'>ut</span> <span class='ocrx_word' id='word_1_8' title='bbox 927 271 978 291; x_wconf 84' lang='lat' dir='ltr'>res</span> <span class='ocrx_word' id='word_1_9' title='bbox 1015 261 1048 291; x_wconf 90' lang='lat' dir='ltr'>in</span> <span class='ocrx_word' id='word_1_10' title='bbox 1087 261 1219 291; x_wconf 76' lang='lat' dir='ltr'>occulto</span> <span class='ocrx_word' id='word_1_11' title='bbox 1255 263 1296 292; x_wconf 80' lang='lat' dir='ltr'>ad</span> <span class='ocrx_word' id='word_1_12' title='bbox 1331 262 1361 293; x_wconf 74' lang='lat' dir='ltr'>iel</span> <span class='ocrx_word' id='word_1_13' title='bbox 1395 269 1526 304; x_wconf 81' lang='lat' dir='ltr'>tempus</span> 
     </span>
     <span class='ocr_line' id='line_1_3' title="bbox 124 323 1524 363; baseline -0.001 -7"><span class='ocrx_word' id='word_1_14' title='bbox 124 330 318 356; x_wconf 82' lang='lat' dir='ltr'>servaretur.</span> <span class='ocrx_word' id='word_1_15' title='bbox 369 324 570 356; x_wconf 87' lang='lat' dir='ltr'>Pubescenti</span> <span class='ocrx_word' id='word_1_16' title='bbox 596 324 745 355; x_wconf 87' lang='lat' dir='ltr'>libellum</span> <span class='ocrx_word' id='word_1_17' title='bbox 774 323 950 361; x_wconf 82' lang='lat' dir='ltr'>traditum,</span> <span class='ocrx_word' id='word_1_18' title='bbox 987 324 1019 354; x_wconf 89' lang='lat' dir='ltr'>in</span> <span class='ocrx_word' id='word_1_19' title='bbox 1046 333 1111 363; x_wconf 86' lang='lat' dir='ltr'>quo</span> <span class='ocrx_word' id='word_1_20' title='bbox 1138 323 1242 354; x_wconf 82' lang='lat' dir='ltr'>relicti</span> <span class='ocrx_word' id='word_1_21' title='bbox 1270 323 1332 354; x_wconf 87' lang='lat' dir='ltr'>sibi</span> <span class='ocrx_word' id='word_1_22' title='bbox 1359 324 1425 354; x_wconf 84' lang='lat' dir='ltr'>duo</span> <span class='ocrx_word' id='word_1_23' title='bbox 1452 324 1524 354; x_wconf 86' lang='lat' dir='ltr'>thc-</span> 
     </span>
     <span class='ocr_line' id='line_1_4' title="bbox 123 384 1524 427; baseline 0 -11"><span class='ocrx_word' id='word_1_24' title='bbox 123 387 210 417; x_wconf 80' lang='lat' dir='ltr'>sauri</span> <span class='ocrx_word' id='word_1_25' title='bbox 237 396 256 416; x_wconf 85' lang='lat' dir='ltr'>a</span> <span class='ocrx_word' id='word_1_26' title='bbox 282 392 375 427; x_wconf 85' lang='lat' dir='ltr'>patre</span> <span class='ocrx_word' id='word_1_27' title='bbox 409 386 614 419; x_wconf 76' lang='lat' dir='ltr'>dicerentur:</span> <span class='ocrx_word' id='word_1_28' title='bbox 657 392 727 416; x_wconf 84' lang='lat' dir='ltr'>tum</span> <span class='ocrx_word' id='word_1_29' title='bbox 754 385 870 415; x_wconf 83' lang='lat' dir='ltr'>scienti</span> <span class='ocrx_word' id='word_1_30' title='bbox 909 384 1103 422; x_wconf 85' lang='lat' dir='ltr'>mulierem,</span> <span class='ocrx_word' id='word_1_31' title='bbox 1146 393 1218 415; x_wconf 79' lang='lat' dir='ltr'>sese</span> <span class='ocrx_word' id='word_1_32' title='bbox 1245 385 1415 416; x_wconf 83' lang='lat' dir='ltr'>subditum</span> <span class='ocrx_word' id='word_1_33' title='bbox 1441 395 1524 422; x_wconf 84' lang='lat' dir='ltr'>esse,</span> 
     </span>
     <span class='ocr_line' id='line_1_5' title="bbox 123 446 1524 487; baseline 0 -9"><span class='ocrx_word' id='word_1_34' title='bbox 123 457 234 478; x_wconf 82' lang='lat' dir='ltr'>veram</span> <span class='ocrx_word' id='word_1_35' title='bbox 261 447 398 487; x_wconf 80' lang='lat' dir='ltr'>stirpem</span> <span class='ocrx_word' id='word_1_36' title='bbox 426 447 592 486; x_wconf 79' lang='lat' dir='ltr'>ignoranti</span> <span class='ocrx_word' id='word_1_37' title='bbox 619 446 762 477; x_wconf 80' lang='lat' dir='ltr'><strong>edidisse</strong></span> <span class='ocrx_word' id='word_1_38' title='bbox 792 455 898 485; x_wconf 81' lang='lat' dir='ltr'>genus</span> <span class='ocrx_word' id='word_1_39' title='bbox 938 452 1037 485; x_wconf 86' lang='lat' dir='ltr'>atque</span> <span class='ocrx_word' id='word_1_40' title='bbox 1063 446 1285 481; x_wconf 78' lang='lat' dir='ltr'>obtestatam,</span> <span class='ocrx_word' id='word_1_41' title='bbox 1326 452 1379 485; x_wconf 89' lang='lat' dir='ltr'>ut,</span> <span class='ocrx_word' id='word_1_42' title='bbox 1417 447 1524 487; x_wconf 88' lang='lat' dir='ltr'>prius-</span> 
     </span>
     <span class='ocr_line' id='line_1_6' title="bbox 121 506 1522 548; baseline 0 -9"><span class='ocrx_word' id='word_1_43' title='bbox 121 518 221 548; x_wconf 83' lang='lat' dir='ltr'>quam</span> <span class='ocrx_word' id='word_1_44' title='bbox 250 514 400 539; x_wconf 82' lang='lat' dir='ltr'>manarct</span> <span class='ocrx_word' id='word_1_45' title='bbox 425 509 466 538; x_wconf 82' lang='lat' dir='ltr'>ad</span> <span class='ocrx_word' id='word_1_46' title='bbox 493 508 665 538; x_wconf 84' lang='lat' dir='ltr'>Eumenen</span> <span class='ocrx_word' id='word_1_47' title='bbox 691 516 761 541; x_wconf 87' lang='lat' dir='ltr'>res,</span> <span class='ocrx_word' id='word_1_48' title='bbox 787 506 910 537; x_wconf 81' lang='lat' dir='ltr'>Perseo</span> <span class='ocrx_word' id='word_1_49' title='bbox 937 507 1126 543; x_wconf 87' lang='lat' dir='ltr'>inimicum,</span> <span class='ocrx_word' id='word_1_50' title='bbox 1154 508 1329 538; x_wconf 77' lang='lat' dir='ltr'>excederet</span> <span class='ocrx_word' id='word_1_51' title='bbox 1355 509 1401 539; x_wconf 84' lang='lat' dir='ltr'>cis</span> <span class='ocrx_word' id='word_1_52' title='bbox 1430 509 1522 544; x_wconf 79' lang='lat' dir='ltr'>locis,</span> 
     </span>
     <span class='ocr_line' id='line_1_7' title="bbox 121 568 1523 610; baseline 0 -10"><span class='ocrx_word' id='word_1_53' title='bbox 121 580 162 600; x_wconf 86' lang='lat' dir='ltr'>ne</span> <span class='ocrx_word' id='word_1_54' title='bbox 207 570 456 600; x_wconf 82' lang='lat' dir='ltr'>interficeretur.</span> <span class='ocrx_word' id='word_1_55' title='bbox 524 569 574 599; x_wconf 86' lang='lat' dir='ltr'>Eo</span> <span class='ocrx_word' id='word_1_56' title='bbox 617 579 651 599; x_wconf 90' lang='lat' dir='ltr'>se</span> <span class='ocrx_word' id='word_1_57' title='bbox 692 568 910 604; x_wconf 85' lang='lat' dir='ltr'>exterritum,</span> <span class='ocrx_word' id='word_1_58' title='bbox 961 569 1057 600; x_wconf 88' lang='lat' dir='ltr'>simul</span> <span class='ocrx_word' id='word_1_59' title='bbox 1103 576 1289 609; x_wconf 77' lang='lat' dir='ltr'>sperantem</span> <span class='ocrx_word' id='word_1_60' title='bbox 1329 570 1464 610; x_wconf 79' lang='lat' dir='ltr'>aliquod</span> <span class='ocrx_word' id='word_1_61' title='bbox 1505 581 1523 600; x_wconf 79' lang='lat' dir='ltr'>a</span> 
     </span>
     <span class='ocr_line' id='line_1_8' title="bbox 120 630 1524 671; baseline -0.001 -9"><span class='ocrx_word' id='word_1_62' title='bbox 120 631 293 662; x_wconf 81' lang='lat' dir='ltr'>Demetrio</span> <span class='ocrx_word' id='word_1_63' title='bbox 322 631 503 668; x_wconf 85' lang='lat' dir='ltr'>auxilium,</span> <span class='ocrx_word' id='word_1_64' title='bbox 539 631 571 660; x_wconf 88' lang='lat' dir='ltr'>in</span> <span class='ocrx_word' id='word_1_65' title='bbox 600 630 731 670; x_wconf 82' lang='lat' dir='ltr'>Syriam</span> <span class='ocrx_word' id='word_1_66' title='bbox 769 638 802 660; x_wconf 87' lang='lat' dir='ltr'>se</span> <span class='ocrx_word' id='word_1_67' title='bbox 837 630 1015 662; x_wconf 79' lang='lat' dir='ltr'>contulisse</span> <span class='ocrx_word' id='word_1_68' title='bbox 1041 638 1141 670; x_wconf 86' lang='lat' dir='ltr'>atquc</span> <span class='ocrx_word' id='word_1_69' title='bbox 1175 631 1219 660; x_wconf 88' lang='lat' dir='ltr'>ibi</span> <span class='ocrx_word' id='word_1_70' title='bbox 1254 631 1415 671; x_wconf 83' lang='lat' dir='ltr'>primum.</span> <span class='ocrx_word' id='word_1_71' title='bbox 1451 632 1524 671; x_wconf 79' lang='lat' dir='ltr'>quis</span> 
     </span>
    </p>
   </div>
   <div class='ocr_carea' id='block_1_3' title="bbox 120 692 732 733">
    <p class='ocr_par' dir='ltr' id='par_1_3' title="bbox 120 692 732 733">
     <span class='ocr_line' id='line_1_9' title="bbox 120 692 732 733; baseline 0 -11"><span class='ocrx_word' id='word_1_72' title='bbox 120 698 216 728; x_wconf 80' lang='lat' dir='ltr'>esset,</span> <span class='ocrx_word' id='word_1_73' title='bbox 244 692 354 733; x_wconf 63' lang='lat' dir='ltr'>palam</span> <span class='ocrx_word' id='word_1_74' title='bbox 383 702 577 733; x_wconf 76' lang='lat' dir='ltr'>expromere</span> <span class='ocrx_word' id='word_1_75' title='bbox 604 702 732 723; x_wconf 85' lang='lat' dir='ltr'>ausum.</span> 
     </span>
    </p>
   </div>
   <div class='ocr_carea' id='block_1_4' title="bbox 698 799 938 830">
    <p class='ocr_par' dir='ltr' id='par_1_4' title="bbox 698 799 938 830">
     <span class='ocr_line' id='line_1_10' title="bbox 698 799 938 830; baseline 0 0"><span class='ocrx_word' id='word_1_76' title='bbox 698 799 761 830; x_wconf 79' lang='lat' dir='ltr'>Ex</span> <span class='ocrx_word' id='word_1_77' title='bbox 787 799 872 830; x_wconf 89' lang='lat' dir='ltr'>LIB.</span> <span class='ocrx_word' id='word_1_78' title='bbox 901 800 938 830; x_wconf 91' lang='lat' dir='ltr'>L.</span> 
     </span>
    </p>
   </div>
   <div class='ocr_carea' id='block_1_5' title="bbox 100 874 1522 2700">
    <p class='ocr_par' dir='ltr' id='par_1_5' title="bbox 100 874 1522 2700">
     <span class='ocr_line' id='line_1_11' title="bbox 211 874 1522 915; baseline 0.002 -9"><span class='ocrx_word' id='word_1_79' title='bbox 211 875 406 908; x_wconf 78' lang='lat' dir='ltr'>Thessalia.</span> <span class='ocrx_word' id='word_1_80' title='bbox 445 885 546 915; x_wconf 88' lang='lat' dir='ltr'>quum</span> <span class='ocrx_word' id='word_1_81' title='bbox 584 883 615 906; x_wconf 84' lang='lat' dir='ltr'>et</span> <span class='ocrx_word' id='word_1_82' title='bbox 652 876 744 906; x_wconf 79' lang='lat' dir='ltr'>illam</span> <span class='ocrx_word' id='word_1_83' title='bbox 779 877 934 906; x_wconf 81' lang='lat' dir='ltr'>invadere</span> <span class='ocrx_word' id='word_1_84' title='bbox 969 874 1070 905; x_wconf 85' lang='lat' dir='ltr'>armis</span> <span class='ocrx_word' id='word_1_85' title='bbox 1101 880 1200 914; x_wconf 80' lang='lat' dir='ltr'>atquc</span> <span class='ocrx_word' id='word_1_86' title='bbox 1228 884 1391 915; x_wconf 75' lang='lat' dir='ltr'>occupare</span> <span class='ocrx_word' id='word_1_87' title='bbox 1417 877 1522 909; x_wconf 85' lang='lat' dir='ltr'>Pseu-</span> 
     </span>
     <span class='ocr_line' id='line_1_12' title="bbox 117 935 1522 978; baseline 0.003 -11"><span class='ocrx_word' id='word_1_88' title='bbox 117 937 331 978; x_wconf 82' lang='lat' dir='ltr'>dophilippus</span> <span class='ocrx_word' id='word_1_89' title='bbox 356 936 465 973; x_wconf 76' lang='lat' dir='ltr'>vellet,</span> <span class='ocrx_word' id='word_1_90' title='bbox 492 947 550 977; x_wconf 82' lang='lat' dir='ltr'>per</span> <span class='ocrx_word' id='word_1_91' title='bbox 575 937 705 977; x_wconf 84' lang='lat' dir='ltr'>legatos</span> <span class='ocrx_word' id='word_1_92' title='bbox 731 938 959 968; x_wconf 85' lang='lat' dir='ltr'>Romanorum</span> <span class='ocrx_word' id='word_1_93' title='bbox 987 936 1121 966; x_wconf 81' lang='lat' dir='ltr'><strong>auxiliis</strong></span> <span class='ocrx_word' id='word_1_94' title='bbox 1150 935 1353 967; x_wconf 84' lang='lat' dir='ltr'>Achaeorum</span> <span class='ocrx_word' id='word_1_95' title='bbox 1381 938 1522 971; x_wconf 78' lang='lat' dir='ltr'>defensa</span> 
     </span>
     <span class='ocr_line' id='line_1_13' title="bbox 117 998 1520 1039; baseline 0.001 -9"><span class='ocrx_word' id='word_1_96' title='bbox 117 1003 174 1030; x_wconf 82' lang='lat' dir='ltr'>est.</span> <span class='ocrx_word' id='word_1_97' title='bbox 242 998 379 1030; x_wconf 84' lang='lat' dir='ltr'>Prusias</span> <span class='ocrx_word' id='word_1_98' title='bbox 413 1009 472 1028; x_wconf 80' lang='lat' dir='ltr'>rex</span> <span class='ocrx_word' id='word_1_99' title='bbox 506 999 691 1039; x_wconf 66' lang='lat' dir='ltr'>Bithyniae,</span> <span class='ocrx_word' id='word_1_100' title='bbox 740 999 889 1029; x_wconf 89' lang='lat' dir='ltr'>omnium</span> <span class='ocrx_word' id='word_1_101' title='bbox 922 998 1255 1036; x_wconf 77' lang='lat' dir='ltr'>humillimorumque</span> <span class='ocrx_word' id='word_1_102' title='bbox 1288 999 1459 1032; x_wconf 81' lang='lat' dir='ltr'>vitiorum.</span> <span class='ocrx_word' id='word_1_103' title='bbox 1503 1012 1520 1031; x_wconf 84' lang='lat' dir='ltr'>a</span> 
     </span>
     <span class='ocr_line' id='line_1_14' title="bbox 117 1058 1521 1099; baseline -0.001 -8"><span class='ocrx_word' id='word_1_104' title='bbox 117 1059 301 1091; x_wconf 80' lang='lat' dir='ltr'>Nicomede</span> <span class='ocrx_word' id='word_1_105' title='bbox 339 1061 423 1093; x_wconf 82' lang='lat' dir='ltr'>filio.</span> <span class='ocrx_word' id='word_1_106' title='bbox 466 1061 646 1091; x_wconf 78' lang='lat' dir='ltr'>adiuvante</span> <span class='ocrx_word' id='word_1_107' title='bbox 687 1061 800 1091; x_wconf 84' lang='lat' dir='ltr'>Attalo</span> <span class='ocrx_word' id='word_1_108' title='bbox 842 1069 918 1099; x_wconf 82' lang='lat' dir='ltr'>rege</span> <span class='ocrx_word' id='word_1_109' title='bbox 954 1058 1130 1098; x_wconf 81' lang='lat' dir='ltr'>Pergami,</span> <span class='ocrx_word' id='word_1_110' title='bbox 1181 1059 1329 1097; x_wconf 86' lang='lat' dir='ltr'>occisus,</span> <span class='ocrx_word' id='word_1_111' title='bbox 1377 1062 1521 1093; x_wconf 82' lang='lat' dir='ltr'>habebat</span> 
     </span>
     <span class='ocr_line' id='line_1_15' title="bbox 116 1120 1519 1162; baseline -0.001 -10"><span class='ocrx_word' id='word_1_112' title='bbox 116 1122 256 1152; x_wconf 85' lang='lat' dir='ltr'>alterum</span> <span class='ocrx_word' id='word_1_113' title='bbox 292 1122 415 1157; x_wconf 80' lang='lat' dir='ltr'>filium,</span> <span class='ocrx_word' id='word_1_114' title='bbox 460 1122 515 1161; x_wconf 86' lang='lat' dir='ltr'>qui</span> <span class='ocrx_word' id='word_1_115' title='bbox 554 1132 613 1162; x_wconf 86' lang='lat' dir='ltr'>pro</span> <span class='ocrx_word' id='word_1_116' title='bbox 652 1122 819 1162; x_wconf 73' lang='lat' dir='ltr'>superiore</span> <span class='ocrx_word' id='word_1_117' title='bbox 858 1121 973 1151; x_wconf 81' lang='lat' dir='ltr'>ordine</span> <span class='ocrx_word' id='word_1_118' title='bbox 1008 1120 1154 1150; x_wconf 85' lang='lat' dir='ltr'>dentium</span> <span class='ocrx_word' id='word_1_119' title='bbox 1193 1127 1326 1152; x_wconf 77' lang='lat' dir='ltr'>enatum</span> <span class='ocrx_word' id='word_1_120' title='bbox 1362 1123 1519 1155; x_wconf 78' lang='lat' dir='ltr'>habuisse</span> 
     </span>
     <span class='ocr_line' id='line_1_16' title="bbox 116 1181 1520 1221; baseline 0.004 -9"><span class='ocrx_word' id='word_1_121' title='bbox 116 1192 217 1212; x_wconf 89' lang='lat' dir='ltr'>uuum</span> <span class='ocrx_word' id='word_1_122' title='bbox 245 1192 282 1214; x_wconf 88' lang='lat' dir='ltr'>os</span> <span class='ocrx_word' id='word_1_123' title='bbox 304 1184 478 1214; x_wconf 85' lang='lat' dir='ltr'>continens</span> <span class='ocrx_word' id='word_1_124' title='bbox 509 1184 641 1215; x_wconf 88' lang='lat' dir='ltr'>dicitur.</span> <span class='ocrx_word' id='word_1_125' title='bbox 693 1183 804 1221; x_wconf 89' lang='lat' dir='ltr'>Quum</span> <span class='ocrx_word' id='word_1_126' title='bbox 823 1182 873 1213; x_wconf 94' lang='lat' dir='ltr'>III</span> <span class='ocrx_word' id='word_1_127' title='bbox 899 1182 998 1221; x_wconf 82' lang='lat' dir='ltr'>legati</span> <span class='ocrx_word' id='word_1_128' title='bbox 1018 1182 1057 1211; x_wconf 82' lang='lat' dir='ltr'>ad</span> <span class='ocrx_word' id='word_1_129' title='bbox 1076 1191 1190 1221; x_wconf 79' lang='lat' dir='ltr'>pacem</span> <span class='ocrx_word' id='word_1_130' title='bbox 1210 1181 1297 1213; x_wconf 83' lang='lat' dir='ltr'>inter</span> <span class='ocrx_word' id='word_1_131' title='bbox 1314 1183 1520 1216; x_wconf 84' lang='lat' dir='ltr'>Nicomeden</span> 
     </span>
     <span class='ocr_line' id='line_1_17' title="bbox 115 1243 1520 1284; baseline 0.003 -10"><span class='ocrx_word' id='word_1_132' title='bbox 115 1250 149 1274; x_wconf 81' lang='lat' dir='ltr'>et</span> <span class='ocrx_word' id='word_1_133' title='bbox 172 1243 326 1274; x_wconf 82' lang='lat' dir='ltr'>Prusiam</span> <span class='ocrx_word' id='word_1_134' title='bbox 362 1243 550 1275; x_wconf 81' lang='lat' dir='ltr'>faciendam</span> <span class='ocrx_word' id='word_1_135' title='bbox 587 1255 606 1275; x_wconf 85' lang='lat' dir='ltr'>a</span> <span class='ocrx_word' id='word_1_136' title='bbox 641 1245 804 1275; x_wconf 83' lang='lat' dir='ltr'>Romanis</span> <span class='ocrx_word' id='word_1_137' title='bbox 845 1245 936 1275; x_wconf 86' lang='lat' dir='ltr'>missi</span> <span class='ocrx_word' id='word_1_138' title='bbox 971 1248 1098 1279; x_wconf 83' lang='lat' dir='ltr'>essent,</span> <span class='ocrx_word' id='word_1_139' title='bbox 1147 1253 1250 1284; x_wconf 91' lang='lat' dir='ltr'>quum</span> <span class='ocrx_word' id='word_1_140' title='bbox 1284 1254 1370 1276; x_wconf 88' lang='lat' dir='ltr'>unus</span> <span class='ocrx_word' id='word_1_141' title='bbox 1406 1256 1446 1277; x_wconf 85' lang='lat' dir='ltr'>ex</span> <span class='ocrx_word' id='word_1_142' title='bbox 1480 1249 1520 1279; x_wconf 89' lang='lat' dir='ltr'>iis</span> 
     </span>
     <span class='ocr_line' id='line_1_18' title="bbox 115 1304 1518 1346; baseline 0.002 -9"><span class='ocrx_word' id='word_1_143' title='bbox 115 1310 216 1346; x_wconf 83' lang='lat' dir='ltr'>eaput</span> <span class='ocrx_word' id='word_1_144' title='bbox 247 1305 360 1336; x_wconf 89' lang='lat' dir='ltr'>multis</span> <span class='ocrx_word' id='word_1_145' title='bbox 395 1306 607 1337; x_wconf 76' lang='lat' dir='ltr'>cicatricibus</span> <span class='ocrx_word' id='word_1_146' title='bbox 640 1312 764 1337; x_wconf 83' lang='lat' dir='ltr'>sartum</span> <span class='ocrx_word' id='word_1_147' title='bbox 802 1306 957 1335; x_wconf 82' lang='lat' dir='ltr'>haberet.</span> <span class='ocrx_word' id='word_1_148' title='bbox 998 1304 1084 1334; x_wconf 79' lang='lat' dir='ltr'>alter</span> <span class='ocrx_word' id='word_1_149' title='bbox 1119 1305 1260 1345; x_wconf 87' lang='lat' dir='ltr'>pedibus</span> <span class='ocrx_word' id='word_1_150' title='bbox 1295 1316 1383 1346; x_wconf 80' lang='lat' dir='ltr'>aeger</span> <span class='ocrx_word' id='word_1_151' title='bbox 1418 1316 1518 1345; x_wconf 85' lang='lat' dir='ltr'>esset,</span> 
     </span>
     <span class='ocr_line' id='line_1_19' title="bbox 115 1365 1521 1411; baseline 0.003 -14"><span class='ocrx_word' id='word_1_152' title='bbox 115 1367 231 1398; x_wconf 83' lang='lat' dir='ltr'>tertius</span> <span class='ocrx_word' id='word_1_153' title='bbox 259 1367 396 1406; x_wconf 70' lang='lat' dir='ltr'>ingenio</span> <span class='ocrx_word' id='word_1_154' title='bbox 423 1376 535 1397; x_wconf 84' lang='lat' dir='ltr'>socors</span> <span class='ocrx_word' id='word_1_155' title='bbox 560 1367 752 1406; x_wconf 80' lang='lat' dir='ltr'>haberetur⁷</span> <span class='ocrx_word' id='word_1_156' title='bbox 781 1367 865 1396; x_wconf 81' lang='lat' dir='ltr'>dixit</span> <span class='ocrx_word' id='word_1_157' title='bbox 882 1366 976 1397; x_wconf 84' lang='lat' dir='ltr'>Cato.</span> <span class='ocrx_word' id='word_1_158' title='bbox 1005 1375 1078 1396; x_wconf 87' lang='lat' dir='ltr'>eam</span> <span class='ocrx_word' id='word_1_159' title='bbox 1105 1365 1306 1405; x_wconf 83' lang='lat' dir='ltr'>legationem</span> <span class='ocrx_word' id='word_1_160' title='bbox 1332 1378 1393 1399; x_wconf 90' lang='lat' dir='ltr'>nec</span> <span class='ocrx_word' id='word_1_161' title='bbox 1421 1376 1521 1411; x_wconf 80' lang='lat' dir='ltr'>caput</span> 
     </span>
     <span class='ocr_line' id='line_1_20' title="bbox 114 1428 1519 1471; baseline 0.004 -13"><span class='ocrx_word' id='word_1_162' title='bbox 114 1437 176 1458; x_wconf 85' lang='lat' dir='ltr'>nec.</span> <span class='ocrx_word' id='word_1_163' title='bbox 201 1429 303 1468; x_wconf 86' lang='lat' dir='ltr'>pedes</span> <span class='ocrx_word' id='word_1_164' title='bbox 328 1438 390 1458; x_wconf 89' lang='lat' dir='ltr'>nec</span> <span class='ocrx_word' id='word_1_165' title='bbox 425 1438 481 1459; x_wconf 89' lang='lat' dir='ltr'>cor</span> <span class='ocrx_word' id='word_1_166' title='bbox 505 1429 640 1460; x_wconf 89' lang='lat' dir='ltr'>habere.</span> <span class='ocrx_word' id='word_1_167' title='bbox 694 1428 734 1459; x_wconf 90' lang='lat' dir='ltr'>In</span> <span class='ocrx_word' id='word_1_168' title='bbox 760 1428 874 1468; x_wconf 79' lang='lat' dir='ltr'>Syria,</span> <span class='ocrx_word' id='word_1_169' title='bbox 910 1436 983 1467; x_wconf 84' lang='lat' dir='ltr'>quae</span> <span class='ocrx_word' id='word_1_170' title='bbox 1015 1437 1055 1457; x_wconf 88' lang='lat' dir='ltr'>co</span> <span class='ocrx_word' id='word_1_171' title='bbox 1082 1434 1230 1468; x_wconf 85' lang='lat' dir='ltr'>tempore</span> <span class='ocrx_word' id='word_1_172' title='bbox 1263 1429 1363 1471; x_wconf 88' lang='lat' dir='ltr'>stirpe</span> <span class='ocrx_word' id='word_1_173' title='bbox 1389 1434 1519 1471; x_wconf 87' lang='lat' dir='ltr'>generis</span> 
     </span>
     <span class='ocr_line' id='line_1_21' title="bbox 112 1489 1516 1533; baseline 0.004 -14"><span class='ocrx_word' id='word_1_174' title='bbox 112 1498 227 1529; x_wconf 87' lang='lat' dir='ltr'>parem</span> <span class='ocrx_word' id='word_1_175' title='bbox 267 1489 338 1529; x_wconf 80' lang='lat' dir='ltr'>regi</span> <span class='ocrx_word' id='word_1_176' title='bbox 372 1490 617 1527; x_wconf 81' lang='lat' dir='ltr'>Macedonum,</span> <span class='ocrx_word' id='word_1_177' title='bbox 654 1489 774 1520; x_wconf 84' lang='lat' dir='ltr'>inertia</span> <span class='ocrx_word' id='word_1_178' title='bbox 810 1489 1030 1529; x_wconf 79' lang='lat' dir='ltr'>socordiaque</span> <span class='ocrx_word' id='word_1_179' title='bbox 1067 1489 1209 1520; x_wconf 81' lang='lat' dir='ltr'>similem</span> <span class='ocrx_word' id='word_1_180' title='bbox 1244 1490 1371 1522; x_wconf 88' lang='lat' dir='ltr'>Prusiae</span> <span class='ocrx_word' id='word_1_181' title='bbox 1405 1503 1516 1533; x_wconf 81' lang='lat' dir='ltr'>regem</span> 
     </span>
     <span class='ocr_line' id='line_1_22' title="bbox 112 1550 1516 1595; baseline 0.005 -15"><span class='ocrx_word' id='word_1_182' title='bbox 112 1550 272 1586; x_wconf 84' lang='lat' dir='ltr'>habebat,</span> <span class='ocrx_word' id='word_1_183' title='bbox 300 1552 427 1582; x_wconf 88' lang='lat' dir='ltr'>iacente</span> <span class='ocrx_word' id='word_1_184' title='bbox 446 1562 485 1582; x_wconf 87' lang='lat' dir='ltr'>eo</span> <span class='ocrx_word' id='word_1_185' title='bbox 507 1553 537 1582; x_wconf 89' lang='lat' dir='ltr'>in</span> <span class='ocrx_word' id='word_1_186' title='bbox 560 1562 668 1592; x_wconf 79' lang='lat' dir='ltr'>ganea</span> <span class='ocrx_word' id='word_1_187' title='bbox 695 1557 726 1581; x_wconf 87' lang='lat' dir='ltr'>et</span> <span class='ocrx_word' id='word_1_188' title='bbox 750 1550 874 1588; x_wconf 84' lang='lat' dir='ltr'>lustris,</span> <span class='ocrx_word' id='word_1_189' title='bbox 900 1551 1105 1581; x_wconf 88' lang='lat' dir='ltr'>Ammonius</span> <span class='ocrx_word' id='word_1_190' title='bbox 1132 1552 1306 1591; x_wconf 82' lang='lat' dir='ltr'>regnabat,</span> <span class='ocrx_word' id='word_1_191' title='bbox 1333 1564 1392 1594; x_wconf 88' lang='lat' dir='ltr'>per</span> <span class='ocrx_word' id='word_1_192' title='bbox 1417 1565 1516 1595; x_wconf 88' lang='lat' dir='ltr'>quem</span> 
     </span>
     <span class='ocr_line' id='line_1_23' title="bbox 112 1612 1516 1653; baseline 0.004 -11"><span class='ocrx_word' id='word_1_193' title='bbox 112 1617 144 1642; x_wconf 87' lang='lat' dir='ltr'>et</span> <span class='ocrx_word' id='word_1_194' title='bbox 169 1613 268 1643; x_wconf 86' lang='lat' dir='ltr'>amici</span> <span class='ocrx_word' id='word_1_195' title='bbox 297 1623 412 1644; x_wconf 85' lang='lat' dir='ltr'>omncs</span> <span class='ocrx_word' id='word_1_196' title='bbox 447 1614 532 1652; x_wconf 82' lang='lat' dir='ltr'>regis</span> <span class='ocrx_word' id='word_1_197' title='bbox 567 1619 599 1643; x_wconf 83' lang='lat' dir='ltr'>et</span> <span class='ocrx_word' id='word_1_198' title='bbox 624 1613 770 1644; x_wconf 82' lang='lat' dir='ltr'>Laodice</span> <span class='ocrx_word' id='word_1_199' title='bbox 803 1612 919 1652; x_wconf 80' lang='lat' dir='ltr'>regina</span> <span class='ocrx_word' id='word_1_200' title='bbox 954 1618 986 1642; x_wconf 88' lang='lat' dir='ltr'>et</span> <span class='ocrx_word' id='word_1_201' title='bbox 1016 1613 1206 1653; x_wconf 78' lang='lat' dir='ltr'>Antigonus</span> <span class='ocrx_word' id='word_1_202' title='bbox 1232 1614 1393 1646; x_wconf 88' lang='lat' dir='ltr'>Demetrii</span> <span class='ocrx_word' id='word_1_203' title='bbox 1427 1616 1516 1647; x_wconf 89' lang='lat' dir='ltr'>filius</span> 
     </span>
     <span class='ocr_line' id='line_1_24' title="bbox 111 1673 1517 1715; baseline 0.004 -12"><span class='ocrx_word' id='word_1_204' title='bbox 111 1673 213 1703; x_wconf 87' lang='lat' dir='ltr'>occisi</span> <span class='ocrx_word' id='word_1_205' title='bbox 247 1680 334 1704; x_wconf 87' lang='lat' dir='ltr'>sunt.</span> <span class='ocrx_word' id='word_1_206' title='bbox 394 1674 577 1705; x_wconf 83' lang='lat' dir='ltr'>Masinissa</span> <span class='ocrx_word' id='word_1_207' title='bbox 604 1674 771 1704; x_wconf 82' lang='lat' dir='ltr'>Numidiae</span> <span class='ocrx_word' id='word_1_208' title='bbox 808 1683 868 1704; x_wconf 78' lang='lat' dir='ltr'>rex</span> <span class='ocrx_word' id='word_1_209' title='bbox 901 1673 1006 1704; x_wconf 80' lang='lat' dir='ltr'>maior</span> <span class='ocrx_word' id='word_1_210' title='bbox 1038 1673 1102 1705; x_wconf 82' lang='lat' dir='ltr'>XC</span> <span class='ocrx_word' id='word_1_211' title='bbox 1134 1675 1230 1706; x_wconf 86' lang='lat' dir='ltr'>annis</span> <span class='ocrx_word' id='word_1_212' title='bbox 1267 1677 1426 1715; x_wconf 77' lang='lat' dir='ltr'>decessit,</span> <span class='ocrx_word' id='word_1_213' title='bbox 1467 1679 1517 1709; x_wconf 74' lang='lat' dir='ltr'>vir</span> 
     </span>
     <span class='ocr_line' id='line_1_25' title="bbox 111 1734 1515 1776; baseline 0.004 -12"><span class='ocrx_word' id='word_1_214' title='bbox 111 1734 263 1774; x_wconf 81' lang='lat' dir='ltr'>insignis.</span> <span class='ocrx_word' id='word_1_215' title='bbox 312 1735 405 1765; x_wconf 89' lang='lat' dir='ltr'>Inter</span> <span class='ocrx_word' id='word_1_216' title='bbox 439 1742 549 1767; x_wconf 83' lang='lat' dir='ltr'>cetera</span> <span class='ocrx_word' id='word_1_217' title='bbox 575 1735 742 1766; x_wconf 84' lang='lat' dir='ltr'>iuvenalia</span> <span class='ocrx_word' id='word_1_218' title='bbox 766 1744 882 1775; x_wconf 84' lang='lat' dir='ltr'>opera,</span> <span class='ocrx_word' id='word_1_219' title='bbox 916 1744 989 1776; x_wconf 86' lang='lat' dir='ltr'>quae</span> <span class='ocrx_word' id='word_1_220' title='bbox 1016 1736 1056 1766; x_wconf 83' lang='lat' dir='ltr'>ad</span> <span class='ocrx_word' id='word_1_221' title='bbox 1090 1736 1245 1768; x_wconf 86' lang='lat' dir='ltr'>ultimum</span> <span class='ocrx_word' id='word_1_222' title='bbox 1273 1739 1393 1769; x_wconf 86' lang='lat' dir='ltr'>edidit.</span> <span class='ocrx_word' id='word_1_223' title='bbox 1429 1740 1515 1770; x_wconf 80' lang='lat' dir='ltr'>adeo</span> 
     </span>
     <span class='ocr_line' id='line_1_26' title="bbox 109 1796 1514 1838; baseline 0.004 -12"><span class='ocrx_word' id='word_1_224' title='bbox 109 1796 209 1826; x_wconf 83' lang='lat' dir='ltr'>etiam</span> <span class='ocrx_word' id='word_1_225' title='bbox 257 1797 365 1828; x_wconf 82' lang='lat' dir='ltr'>nervis</span> <span class='ocrx_word' id='word_1_226' title='bbox 406 1798 439 1827; x_wconf 93' lang='lat' dir='ltr'>in</span> <span class='ocrx_word' id='word_1_227' title='bbox 485 1803 621 1828; x_wconf 85' lang='lat' dir='ltr'>senecta</span> <span class='ocrx_word' id='word_1_228' title='bbox 660 1797 783 1836; x_wconf 81' lang='lat' dir='ltr'>viguit,</span> <span class='ocrx_word' id='word_1_229' title='bbox 836 1802 872 1826; x_wconf 90' lang='lat' dir='ltr'>ut</span> <span class='ocrx_word' id='word_1_230' title='bbox 913 1804 989 1837; x_wconf 83' lang='lat' dir='ltr'>post</span> <span class='ocrx_word' id='word_1_231' title='bbox 1032 1803 1165 1828; x_wconf 79' lang='lat' dir='ltr'>sextum</span> <span class='ocrx_word' id='word_1_232' title='bbox 1205 1804 1237 1829; x_wconf 86' lang='lat' dir='ltr'>et</span> <span class='ocrx_word' id='word_1_233' title='bbox 1272 1800 1514 1838; x_wconf 76' lang='lat' dir='ltr'>octogesimum</span> 
     </span>
     <span class='ocr_line' id='line_1_27' title="bbox 109 1858 1513 1902; baseline 0.004 -15"><span class='ocrx_word' id='word_1_234' title='bbox 109 1867 230 1888; x_wconf 88' lang='lat' dir='ltr'>annum</span> <span class='ocrx_word' id='word_1_235' title='bbox 258 1858 362 1889; x_wconf 86' lang='lat' dir='ltr'>filium</span> <span class='ocrx_word' id='word_1_236' title='bbox 385 1859 546 1897; x_wconf 76' lang='lat' dir='ltr'>genuerit.</span> <span class='ocrx_word' id='word_1_237' title='bbox 591 1859 686 1889; x_wconf 89' lang='lat' dir='ltr'>Inter</span> <span class='ocrx_word' id='word_1_238' title='bbox 704 1865 768 1888; x_wconf 89' lang='lat' dir='ltr'>tres</span> <span class='ocrx_word' id='word_1_239' title='bbox 786 1858 909 1888; x_wconf 88' lang='lat' dir='ltr'>liberos</span> <span class='ocrx_word' id='word_1_240' title='bbox 928 1859 998 1889; x_wconf 88' lang='lat' dir='ltr'>eius</span> <span class='ocrx_word' id='word_1_241' title='bbox 1016 1859 1181 1890; x_wconf 79' lang='lat' dir='ltr'>maximos</span> <span class='ocrx_word' id='word_1_242' title='bbox 1206 1866 1299 1894; x_wconf 84' lang='lat' dir='ltr'>natu,</span> <span class='ocrx_word' id='word_1_243' title='bbox 1325 1860 1513 1902; x_wconf 79' lang='lat' dir='ltr'>Micipsam.</span> 
     </span>
     <span class='ocr_line' id='line_1_28' title="bbox 109 1917 1512 1959; baseline 0.004 -11"><span class='ocrx_word' id='word_1_244' title='bbox 109 1917 307 1956; x_wconf 81' lang='lat' dir='ltr'>Gulussam,</span> <span class='ocrx_word' id='word_1_245' title='bbox 346 1919 637 1959; x_wconf 81' lang='lat' dir='ltr'>Manastabalem,</span> <span class='ocrx_word' id='word_1_246' title='bbox 691 1919 747 1958; x_wconf 86' lang='lat' dir='ltr'>qui</span> <span class='ocrx_word' id='word_1_247' title='bbox 789 1919 889 1949; x_wconf 82' lang='lat' dir='ltr'>etiam</span> <span class='ocrx_word' id='word_1_248' title='bbox 919 1919 1044 1950; x_wconf 85' lang='lat' dir='ltr'>Graecis</span> <span class='ocrx_word' id='word_1_249' title='bbox 1086 1920 1204 1951; x_wconf 88' lang='lat' dir='ltr'>litteris</span> <span class='ocrx_word' id='word_1_250' title='bbox 1237 1922 1386 1952; x_wconf 85' lang='lat' dir='ltr'>eruditus</span> <span class='ocrx_word' id='word_1_251' title='bbox 1431 1928 1512 1955; x_wconf 81' lang='lat' dir='ltr'>erat.</span> 
     </span>
     <span class='ocr_line' id='line_1_29' title="bbox 106 1979 1514 2023; baseline 0.003 -13"><span class='ocrx_word' id='word_1_252' title='bbox 106 1979 144 2010; x_wconf 84' lang='lat' dir='ltr'>P.</span> <span class='ocrx_word' id='word_1_253' title='bbox 173 1979 285 2020; x_wconf 85' lang='lat' dir='ltr'>Scipio</span> <span class='ocrx_word' id='word_1_254' title='bbox 312 1980 531 2017; x_wconf 81' lang='lat' dir='ltr'>AEmilianus,</span> <span class='ocrx_word' id='word_1_255' title='bbox 572 1990 674 2020; x_wconf 82' lang='lat' dir='ltr'>quum</span> <span class='ocrx_word' id='word_1_256' title='bbox 702 1990 879 2011; x_wconf 84' lang='lat' dir='ltr'>commune</span> <span class='ocrx_word' id='word_1_257' title='bbox 905 1982 952 2011; x_wconf 86' lang='lat' dir='ltr'>eis</span> <span class='ocrx_word' id='word_1_258' title='bbox 979 1991 1119 2021; x_wconf 84' lang='lat' dir='ltr'>regnum</span> <span class='ocrx_word' id='word_1_259' title='bbox 1146 1987 1240 2022; x_wconf 80' lang='lat' dir='ltr'>pater</span> <span class='ocrx_word' id='word_1_260' title='bbox 1265 1983 1453 2023; x_wconf 84' lang='lat' dir='ltr'>reliquisset</span> <span class='ocrx_word' id='word_1_261' title='bbox 1481 1990 1514 2014; x_wconf 87' lang='lat' dir='ltr'>et</span> 
     </span>
     <span class='ocr_line' id='line_1_30' title="bbox 107 2041 1509 2086; baseline 0.004 -16"><span class='ocrx_word' id='word_1_262' title='bbox 107 2041 254 2072; x_wconf 84' lang='lat' dir='ltr'>dividere</span> <span class='ocrx_word' id='word_1_263' title='bbox 296 2051 354 2073; x_wconf 87' lang='lat' dir='ltr'>cos</span> <span class='ocrx_word' id='word_1_264' title='bbox 391 2042 517 2072; x_wconf 89' lang='lat' dir='ltr'>arbitro</span> <span class='ocrx_word' id='word_1_265' title='bbox 555 2042 713 2082; x_wconf 85' lang='lat' dir='ltr'>Scipione</span> <span class='ocrx_word' id='word_1_266' title='bbox 755 2043 923 2074; x_wconf 78' lang='lat' dir='ltr'>iussisset,</span> <span class='ocrx_word' id='word_1_267' title='bbox 966 2048 1078 2083; x_wconf 84' lang='lat' dir='ltr'>partes</span> <span class='ocrx_word' id='word_1_268' title='bbox 1116 2043 1372 2075; x_wconf 82' lang='lat' dir='ltr'>administrandi</span> <span class='ocrx_word' id='word_1_269' title='bbox 1415 2046 1509 2086; x_wconf 86' lang='lat' dir='ltr'>regni</span> 
     </span>
     <span class='ocr_line' id='line_1_31' title="bbox 107 2101 1510 2145; baseline 0.004 -13"><span class='ocrx_word' id='word_1_270' title='bbox 107 2101 228 2133; x_wconf 84' lang='lat' dir='ltr'>divisit.</span> <span class='ocrx_word' id='word_1_271' title='bbox 281 2102 363 2132; x_wconf 87' lang='lat' dir='ltr'>Item</span> <span class='ocrx_word' id='word_1_272' title='bbox 388 2102 547 2134; x_wconf 83' lang='lat' dir='ltr'>Phameae</span> <span class='ocrx_word' id='word_1_273' title='bbox 572 2103 769 2134; x_wconf 88' lang='lat' dir='ltr'>Himilconi.</span> <span class='ocrx_word' id='word_1_274' title='bbox 808 2103 968 2144; x_wconf 84' lang='lat' dir='ltr'>praefecto</span> <span class='ocrx_word' id='word_1_275' title='bbox 995 2105 1143 2145; x_wconf 86' lang='lat' dir='ltr'>equitum</span> <span class='ocrx_word' id='word_1_276' title='bbox 1166 2105 1510 2145; x_wconf 80' lang='lat' dir='ltr'>Carthaginiensium.</span> 
     </span>
     <span class='ocr_line' id='line_1_32' title="bbox 104 2162 1510 2206; baseline 0.003 -13"><span class='ocrx_word' id='word_1_277' title='bbox 104 2163 174 2193; x_wconf 87' lang='lat' dir='ltr'>viro</span> <span class='ocrx_word' id='word_1_278' title='bbox 200 2162 278 2194; x_wconf 81' lang='lat' dir='ltr'>sorti</span> <span class='ocrx_word' id='word_1_279' title='bbox 316 2169 349 2194; x_wconf 84' lang='lat' dir='ltr'>et</span> <span class='ocrx_word' id='word_1_280' title='bbox 374 2164 468 2196; x_wconf 88' lang='lat' dir='ltr'>cuius</span> <span class='ocrx_word' id='word_1_281' title='bbox 493 2165 663 2205; x_wconf 67' lang='lat' dir='ltr'>praecipua</span> <span class='ocrx_word' id='word_1_282' title='bbox 689 2175 791 2206; x_wconf 85' lang='lat' dir='ltr'>opera</span> <span class='ocrx_word' id='word_1_283' title='bbox 817 2166 913 2196; x_wconf 86' lang='lat' dir='ltr'>Poeni</span> <span class='ocrx_word' id='word_1_284' title='bbox 939 2165 1135 2203; x_wconf 80' lang='lat' dir='ltr'>utebantur,</span> <span class='ocrx_word' id='word_1_285' title='bbox 1178 2167 1361 2206; x_wconf 85' lang='lat' dir='ltr'>persuasit.</span> <span class='ocrx_word' id='word_1_286' title='bbox 1397 2173 1434 2197; x_wconf 88' lang='lat' dir='ltr'>ut</span> <span class='ocrx_word' id='word_1_287' title='bbox 1468 2167 1510 2197; x_wconf 88' lang='lat' dir='ltr'>ad</span> 
     </span>
     <span class='ocr_line' id='line_1_33' title="bbox 103 2225 1509 2268; baseline 0.001 -13"><span class='ocrx_word' id='word_1_288' title='bbox 103 2225 276 2256; x_wconf 83' lang='lat' dir='ltr'>Romanos</span> <span class='ocrx_word' id='word_1_289' title='bbox 314 2234 388 2255; x_wconf 84' lang='lat' dir='ltr'>eum</span> <span class='ocrx_word' id='word_1_290' title='bbox 429 2225 579 2265; x_wconf 78' lang='lat' dir='ltr'>equitatu</span> <span class='ocrx_word' id='word_1_291' title='bbox 617 2236 678 2257; x_wconf 89' lang='lat' dir='ltr'>suo</span> <span class='ocrx_word' id='word_1_292' title='bbox 719 2227 884 2258; x_wconf 75' lang='lat' dir='ltr'>transiret.</span> <span class='ocrx_word' id='word_1_293' title='bbox 951 2228 1004 2258; x_wconf 84' lang='lat' dir='ltr'>Ex</span> <span class='ocrx_word' id='word_1_294' title='bbox 1044 2228 1149 2260; x_wconf 90' lang='lat' dir='ltr'>tribus</span> <span class='ocrx_word' id='word_1_295' title='bbox 1189 2228 1328 2268; x_wconf 86' lang='lat' dir='ltr'>legatis,</span> <span class='ocrx_word' id='word_1_296' title='bbox 1371 2227 1427 2267; x_wconf 90' lang='lat' dir='ltr'>qui</span> <span class='ocrx_word' id='word_1_297' title='bbox 1468 2228 1509 2258; x_wconf 87' lang='lat' dir='ltr'>ad</span> 
     </span>
     <span class='ocr_line' id='line_1_34' title="bbox 103 2280 1508 2329; baseline 0.002 -13"><span class='ocrx_word' id='word_1_298' title='bbox 103 2280 316 2317; x_wconf 79' lang='lat' dir='ltr'>Masinissam</span> <span class='ocrx_word' id='word_1_299' title='bbox 350 2287 444 2318; x_wconf 87' lang='lat' dir='ltr'>missi</span> <span class='ocrx_word' id='word_1_300' title='bbox 482 2288 594 2324; x_wconf 77' lang='lat' dir='ltr'>erant,</span> <span class='ocrx_word' id='word_1_301' title='bbox 639 2288 686 2318; x_wconf 89' lang='lat' dir='ltr'>M.</span> <span class='ocrx_word' id='word_1_302' title='bbox 723 2287 885 2319; x_wconf 81' lang='lat' dir='ltr'>Claudius</span> <span class='ocrx_word' id='word_1_303' title='bbox 914 2289 1114 2327; x_wconf 86' lang='lat' dir='ltr'>Marcellus,</span> <span class='ocrx_word' id='word_1_304' title='bbox 1154 2295 1270 2320; x_wconf 85' lang='lat' dir='ltr'>coorta</span> <span class='ocrx_word' id='word_1_305' title='bbox 1301 2294 1508 2329; x_wconf 81' lang='lat' dir='ltr'>tempestate.</span> 
     </span>
     <span class='ocr_line' id='line_1_35' title="bbox 102 2347 1510 2390; baseline 0.001 -12"><span class='ocrx_word' id='word_1_306' title='bbox 102 2347 257 2378; x_wconf 88' lang='lat' dir='ltr'>fluctibus</span> <span class='ocrx_word' id='word_1_307' title='bbox 277 2348 416 2379; x_wconf 84' lang='lat' dir='ltr'>obrutus</span> <span class='ocrx_word' id='word_1_308' title='bbox 435 2354 497 2379; x_wconf 87' lang='lat' dir='ltr'>est.</span> <span class='ocrx_word' id='word_1_309' title='bbox 541 2347 839 2389; x_wconf 83' lang='lat' dir='ltr'>Carthaginienses</span> <span class='ocrx_word' id='word_1_310' title='bbox 859 2350 1117 2382; x_wconf 76' lang='lat' dir='ltr'>Hasdrubalem.</span> <span class='ocrx_word' id='word_1_311' title='bbox 1135 2351 1326 2382; x_wconf 85' lang='lat' dir='ltr'>Masinissae</span> <span class='ocrx_word' id='word_1_312' title='bbox 1341 2356 1510 2390; x_wconf 80' lang='lat' dir='ltr'>nepotem,</span> 
     </span>
     <span class='ocr_line' id='line_1_36' title="bbox 101 2409 1508 2453; baseline 0.003 -15"><span class='ocrx_word' id='word_1_313' title='bbox 101 2418 198 2448; x_wconf 89' lang='lat' dir='ltr'>quem</span> <span class='ocrx_word' id='word_1_314' title='bbox 223 2416 400 2450; x_wconf 81' lang='lat' dir='ltr'>praetorem</span> <span class='ocrx_word' id='word_1_315' title='bbox 425 2409 616 2443; x_wconf 79' lang='lat' dir='ltr'>habebant,</span> <span class='ocrx_word' id='word_1_316' title='bbox 661 2411 831 2442; x_wconf 88' lang='lat' dir='ltr'>hominem</span> <span class='ocrx_word' id='word_1_317' title='bbox 867 2413 1066 2452; x_wconf 86' lang='lat' dir='ltr'>proditionis</span> <span class='ocrx_word' id='word_1_318' title='bbox 1103 2419 1306 2453; x_wconf 82' lang='lat' dir='ltr'>suspectum,</span> <span class='ocrx_word' id='word_1_319' title='bbox 1348 2412 1381 2442; x_wconf 86' lang='lat' dir='ltr'>in</span> <span class='ocrx_word' id='word_1_320' title='bbox 1415 2412 1508 2442; x_wconf 87' lang='lat' dir='ltr'>curia</span> 
     </span>
     <span class='ocr_line' id='line_1_37' title="bbox 102 2470 1508 2515; baseline 0.003 -15"><span class='ocrx_word' id='word_1_321' title='bbox 102 2470 360 2508; x_wconf 81' lang='lat' dir='ltr'>interemerunt3</span> <span class='ocrx_word' id='word_1_322' title='bbox 409 2480 482 2510; x_wconf 83' lang='lat' dir='ltr'>quae</span> <span class='ocrx_word' id='word_1_323' title='bbox 523 2472 668 2512; x_wconf 86' lang='lat' dir='ltr'>suspicio</span> <span class='ocrx_word' id='word_1_324' title='bbox 715 2473 791 2503; x_wconf 83' lang='lat' dir='ltr'>inde</span> <span class='ocrx_word' id='word_1_325' title='bbox 834 2475 998 2510; x_wconf 80' lang='lat' dir='ltr'>manavit,</span> <span class='ocrx_word' id='word_1_326' title='bbox 1041 2475 1131 2515; x_wconf 82' lang='lat' dir='ltr'>quod</span> <span class='ocrx_word' id='word_1_327' title='bbox 1171 2475 1378 2515; x_wconf 85' lang='lat' dir='ltr'>propinquus</span> <span class='ocrx_word' id='word_1_328' title='bbox 1419 2480 1508 2504; x_wconf 83' lang='lat' dir='ltr'>esset</span> 
     </span>
     <span class='ocr_line' id='line_1_38' title="bbox 101 2528 1504 2577; baseline 0.002 -15"><span class='ocrx_word' id='word_1_329' title='bbox 101 2530 278 2568; x_wconf 80' lang='lat' dir='ltr'>Gulussae,</span> <span class='ocrx_word' id='word_1_330' title='bbox 316 2533 549 2564; x_wconf 81' lang='lat' dir='ltr'>Romanorum</span> <span class='ocrx_word' id='word_1_331' title='bbox 587 2533 714 2564; x_wconf 78' lang='lat' dir='ltr'>auxilia</span> <span class='ocrx_word' id='word_1_332' title='bbox 742 2528 904 2566; x_wconf 74' lang='lat' dir='ltr'>iuvantis.</span> <span class='ocrx_word' id='word_1_333' title='bbox 955 2536 994 2566; x_wconf 89' lang='lat' dir='ltr'>P.</span> <span class='ocrx_word' id='word_1_334' title='bbox 1023 2536 1137 2577; x_wconf 87' lang='lat' dir='ltr'>Scipio</span> <span class='ocrx_word' id='word_1_335' title='bbox 1163 2536 1368 2566; x_wconf 81' lang='lat' dir='ltr'>AEmilianus</span> <span class='ocrx_word' id='word_1_336' title='bbox 1402 2544 1504 2575; x_wconf 89' lang='lat' dir='ltr'>quum</span> 
     </span>
     <span class='ocr_line' id='line_1_39' title="bbox 100 2592 1504 2638; baseline 0.004 -16"><span class='ocrx_word' id='word_1_337' title='bbox 100 2592 294 2624; x_wconf 85' lang='lat' dir='ltr'>aedilitatem</span> <span class='ocrx_word' id='word_1_338' title='bbox 330 2598 478 2633; x_wconf 83' lang='lat' dir='ltr'>peteret,</span> <span class='ocrx_word' id='word_1_339' title='bbox 526 2594 644 2625; x_wconf 84' lang='lat' dir='ltr'>consul</span> <span class='ocrx_word' id='word_1_340' title='bbox 683 2606 703 2625; x_wconf 78' lang='lat' dir='ltr'>a</span> <span class='ocrx_word' id='word_1_341' title='bbox 741 2596 867 2636; x_wconf 88' lang='lat' dir='ltr'>populo</span> <span class='ocrx_word' id='word_1_342' title='bbox 909 2597 1029 2628; x_wconf 89' lang='lat' dir='ltr'>dictus.</span> <span class='ocrx_word' id='word_1_343' title='bbox 1096 2596 1274 2635; x_wconf 83' lang='lat' dir='ltr'>Quoniam.</span> <span class='ocrx_word' id='word_1_344' title='bbox 1303 2607 1362 2638; x_wconf 89' lang='lat' dir='ltr'>per</span> <span class='ocrx_word' id='word_1_345' title='bbox 1398 2606 1504 2627; x_wconf 84' lang='lat' dir='ltr'>annos</span> 
     </span>
     <span class='ocr_line' id='line_1_40' title="bbox 100 2654 1504 2700; baseline 0.002 -16"><span class='ocrx_word' id='word_1_346' title='bbox 100 2654 228 2684; x_wconf 86' lang='lat' dir='ltr'>consuli</span> <span class='ocrx_word' id='word_1_347' title='bbox 257 2654 326 2685; x_wconf 79' lang='lat' dir='ltr'>fieri</span> <span class='ocrx_word' id='word_1_348' title='bbox 359 2663 428 2684; x_wconf 87' lang='lat' dir='ltr'>non</span> <span class='ocrx_word' id='word_1_349' title='bbox 454 2655 594 2688; x_wconf 79' lang='lat' dir='ltr'>licebat.</span> <span class='ocrx_word' id='word_1_350' title='bbox 632 2666 706 2687; x_wconf 80' lang='lat' dir='ltr'>cum</span> <span class='ocrx_word' id='word_1_351' title='bbox 733 2666 858 2696; x_wconf 83' lang='lat' dir='ltr'>magno</span> <span class='ocrx_word' id='word_1_352' title='bbox 884 2658 1065 2689; x_wconf 85' lang='lat' dir='ltr'>certamine</span> <span class='ocrx_word' id='word_1_353' title='bbox 1090 2657 1306 2698; x_wconf 79' lang='lat' dir='ltr'>suffragantis</span> <span class='ocrx_word' id='word_1_354' title='bbox 1333 2658 1441 2700; x_wconf 84' lang='lat' dir='ltr'>plebis</span> <span class='ocrx_word' id='word_1_355' title='bbox 1473 2663 1504 2688; x_wconf 87' lang='lat' dir='ltr'>et</span> 
     </span>
    </p>
   </div>
  </div>
 </body>
</html>
