1742 2902
428 124 532 156 Liber
558 124 684 156 XLIII.
737 125 798 164 (A.
829 125 908 156 Chr.
939 124 1033 165 170.)
1306 125 1379 161 125

28 247 161 297 legatis
182 246 341 284 comiter
366 259 610 295 responsum3
642 249 929 296 Lampsacenos
956 248 994 283 in
1017 247 1207 283 sociorum
1233 245 1439 281 formulam

27 317 166 358 referre
197 316 242 363 Q.
264 316 425 352 Maenius
450 325 590 365 praetor
619 319 755 354 iussus.
799 318 964 353 Munera
995 317 1170 352 omnibus
1200 316 1237 351 in
1268 314 1439 363 singulos

28 387 153 427 binum
186 386 328 422 milium
354 386 438 421 aeris
469 386 572 422 data.
629 387 924 424 Alabandenses
955 393 1063 421 scuta
1092 392 1290 434 reportare
1321 385 1368 420 ad
1386 385 1439 423 A.

28 456 231 495 Hostilium
253 455 445 491 consulem
463 456 499 491 in
515 457 781 493 Macedoniani
799 456 903 491 iussi.
924 456 974 492 Et
986 468 1033 491 ex
1046 455 1181 491 Africa
1196 454 1310 502 legati
1328 451 1441 489 simul

29 525 397 573 Carthaginiensium
420 532 453 561 et
468 527 667 562 Masim'ssoe
687 531 869 569 venerunt,
894 525 1206 571 Cartlzaffl‘m'enses
1234 524 1348 559 tritici
1375 523 1440 558 de-

29 595 128 633 ciens
146 601 294 630 eentum
313 596 417 632 milia
434 604 470 632 et
487 596 618 632 hordei
637 596 844 643 quingenta
860 595 1071 631 indicantes
1101 605 1142 628 se
1172 593 1221 629 ad
1252 605 1356 628 mare
1373 592 1441 628 ‹le-

28 672 136 702 veeta
157 665 311 709 habere,
333 671 385 709 ut,
407 678 483 713 quo
504 674 659 702 senatus
681 666 901 711 censuisset⁷
924 665 1181 712 deportarent.
1238 663 1283 698 Id
1305 673 1441 698 munus

29 733 271 782 officiumque
288 746 397 770 suum
414 736 510 771 scire
526 736 649 772 minus
667 747 748 772 esse
763 748 875 782 quam
894 747 963 782 pro
979 734 1120 769 meritis
1135 732 1264 781 populi
1278 731 1443 768 Romani

29 810 65 841 et
84 804 280 840 voluntate
301 815 388 848 sua3
414 805 480 840 sed
502 818 603 853 saepe
626 805 734 850 alias,
756 805 866 840 bonis
888 804 925 839 in
947 804 1058 839 rebus
1077 803 1273 850 utriusque
1299 801 1444 850 populi,

0 921 1 938 χ
29 885 68 911 se
97 880 295 921 gratorum
326 874 570 922 fideliumque
601 875 745 911 socium
778 874 996 910 muneribus
1027 872 1178 909 functos
1210 885 1304 908 esse.
1347 873 1444 907 Item

0 939 243 994 iMasinissae
274 943 389 991 legati
420 944 533 980 tritici
569 944 728 980 eandem
759 956 948 979 summam
980 943 1139 991 polliciti
1170 949 1206 978 et
1236 944 1278 978 M
1309 948 1345 977 et
1379 940 1445 978 CC

30 1013 187 1060 equites,
219 1013 303 1049 XII
333 1013 577 1062 elephantos;
623 1020 679 1058 et,
715 1013 746 1049 si
778 1014 868 1061 quid
900 1013 1004 1048 aliud
1035 1025 1131 1061 opus
1165 1019 1275 1057 esset,
1305 1012 1359 1048 uti
1389 1012 1445 1047 in-

0 1078 4 1128 }
29 1089 182 1132 peraret
211 1090 389 1127 senatus3
420 1095 527 1130 aeque
557 1096 750 1131 propenso
779 1084 906 1119 animo
933 1091 969 1119 et
993 1097 1076 1131 quae
1107 1083 1188 1131 ipse
1214 1082 1313 1118 ultro
1336 1082 1447 1130 polli-

31 1153 126 1190 citus
157 1153 225 1198 sit,
269 1159 538 1202 praestaturum
572 1165 666 1190 esse.
739 1153 887 1190 Gratiae
928 1160 964 1190 et
995 1152 1376 1201 Carthaginiensibus
1412 1157 1448 1187 et

30 1223 110 1270 regi
141 1229 253 1269 actae,
283 1224 509 1272 rogatique,
544 1230 584 1259 ut
615 1236 683 1269 ea,
715 1236 799 1271 quae
830 1225 1121 1273 pollicerentur,
1155 1223 1204 1259 ad
1237 1221 1447 1257 Hostilium

31 1292 222 1329 consulem
254 1293 292 1329 in
323 1293 593 1329 Macedoniam
627 1293 887 1341 deportarent.
934 1293 1091 1342 Legatis
1122 1292 1160 1329 in
1191 1291 1363 1340 singulos
1392 1290 1449 1326 bi-

30 1373 120 1398 num
154 1362 298 1398 milium
329 1364 414 1399 aeris
447 1376 607 1399 munera
641 1364 769 1400 missa.

144 1431 381 1469 Cretensium
415 1433 552 1481 legatis
584 1434 995 1478 commemorantibus,
1041 1446 1103 1477 se,
1151 1438 1335 1480 quantum
1375 1430 1447 1467 sibi

31 1500 259 1550 imperatum
291 1515 314 1538 a
342 1503 389 1538 P.
422 1502 570 1538 Licinio
602 1504 757 1539 consule
789 1510 888 1539 esset
920 1503 1222 1551 sagittariorum,
1254 1502 1290 1537 in
1312 1502 1448 1537 Mace-

31 1570 184 1606 doniam
216 1571 376 1616 misisse,
407 1585 492 1609 cum
525 1573 751 1620 interrogati
778 1587 855 1609 non
887 1573 1152 1617 infitiarentur,
1189 1578 1281 1620 aput
1303 1572 1450 1607 Persea

33 1640 215 1677 maiorem
258 1655 457 1679 numerum
496 1644 783 1692 sagittariorum
827 1657 943 1692 qnam
990 1649 1084 1691 aput
1113 1643 1313 1679 Romanos
1351 1640 1449 1676 mili-

32 1715 125 1755 tare,
158 1723 384 1759 responsum
417 1718 493 1757 est,
537 1713 568 1748 si
595 1713 796 1750 Cretenses
830 1714 927 1750 bene
958 1725 1003 1749 ac
1033 1713 1184 1749 naviter
1214 1711 1449 1748 destinarent

34 1780 220 1828 potiorem
253 1781 387 1829 populi
417 1782 584 1818 Romani
615 1795 730 1831 qnam
760 1785 861 1832 regis
898 1783 1032 1820 Persei
1063 1783 1271 1819 amicitiam
1294 1782 1450 1826 habere,

32 1856 206 1886 senatum
239 1863 392 1899 quoque
420 1852 640 1888 Romanum
672 1853 717 1889 iis
755 1861 955 1902 tamquam
998 1853 1109 1889 certis
1147 1852 1260 1888 sociis
1290 1863 1449 1899 respon-

35 1929 116 1955 sum
148 1920 326 1956 daturum
359 1933 453 1957 esse.
538 1922 692 1958 Interea
721 1924 940 1959 nuntiarent
970 1923 1072 1968 suis,
1102 1922 1255 1970 placere
1288 1921 1449 1966 senatui,

35 1988 126 2025 dare
157 2003 312 2039 operam
348 1990 568 2037 Cretenses,
599 1998 664 2037 ut,
706 2005 802 2040 quos
838 1994 978 2029 milites
1009 1993 1110 2029 intra
1137 1991 1314 2040 praesidia
1349 1990 1448 2038 regis

35 2057 167 2095 Persei
196 2060 404 2107 haberent,
448 2074 513 2098 eos
557 2062 681 2110 primo
713 2075 867 2111 quoque
899 2070 1073 2111 tempore
1104 2062 1259 2098 domum
1290 2073 1449 2098 revoca-

35 2266 89 2306 10,
117 2273 135 2300 2
163 2271 512 2311 committerepossum
536 2270 747 2302 lamsacenos
797 2272 926 2303 aiussu
960 2271 1394 2314 4milliumfflabandenses
1431 2272 1448 2299 5

35 2328 230 2369 hostiulium
280 2339 335 2375 11,
355 2343 372 2369 2
390 2339 700 2379 carthaginensium
718 2340 884 2371 Lacunam
904 2340 1068 2371 Cret-erius
1094 2339 1248 2371 indicavit
1263 2345 1291 2370 et
1304 2337 1448 2379 explevit.

34 2397 57 2425 3
83 2396 330 2436 quinquaginta
355 2395 466 2437 Se'yon.
544 2396 598 2434 12,
627 2402 644 2427 2
672 2408 720 2437 pr.
785 2402 803 2428 3
838 2398 952 2439 populi
986 2404 1240 2438 segregatorum
1276 2397 1452 2436 fideliumq

36 2453 231 2493 sociumque
273 2453 327 2491 13,
355 2458 374 2484 3
401 2453 690 2495 elepant0s20pus
710 2465 782 2485 csse
818 2459 837 2486 4
857 2456 955 2497 (ἔκ-9η.
984 2466 1024 2486 ac
1051 2465 1124 2495 quae
1146 2456 1150 2495 1
1174 2457 1247 2496 ipso
1286 2453 1340 2491 14,
1369 2458 1386 2484 2
1415 2458 1451 2483 ut

37 2517 77 2540 ea
101 2520 174 2550 quae
199 2511 244 2541 bis
264 2511 384 2552 scripta
434 2511 452 2542 3
480 2513 673 2552 deportaret
722 2512 799 2550 Vn,
828 2513 858 2553 1,
889 2517 907 2544 2
935 2524 954 2544 a
979 2513 1094 2554 publio
1116 2513 1230 2544 licinio
1252 2514 1256 2553 l
1279 2514 1313 2543 in
1338 2521 1451 2542 mace-

34 2576 137 2608 donia
162 2588 196 2610 se
257 2579 403 2610 misisset
427 2580 439 2610 i
503 2580 535 2619 2,
566 2584 579 2611 l
609 2590 683 2612 cum
709 2581 841 2611 infitiati
866 2591 935 2613 non
960 2583 1249 2623 interrogarentur
1312 2581 1344 2620 3,
1366 2585 1383 2612 2
1400 2591 1452 2622 pr.

37 2636 58 2664 3
83 2634 110 2665 is
136 2640 305 2676 tamquam
327 2638 333 2678 Ι
355 2638 442 2669 socis

1476 455 1519 490 11

1477 663 1523 699 12

1481 873 1525 908 13

1484 1150 1528 1184 14
