1742 2902
316 134 365 169 28
681 131 782 162 Liber
808 130 900 162 xm.
953 131 1013 170 (A.
1042 141 1073 161 u.
1103 140 1130 161 e.
1160 129 1256 169 seo.)

259 253 370 301 parvi
401 253 570 288 beneficii
608 253 824 289 inescamur
860 261 897 292 et
921 254 1158 290 servolorum
1188 251 1333 288 minimi
1354 251 1463 300 pretii
1486 251 1670 300 recipien—

261 323 395 357 dorum
446 334 514 369 spe
555 329 725 358 nostram
774 323 943 371 ipsorum
989 324 1202 359 libertatem
1244 321 1375 357 subrui
1416 327 1453 357 et
1491 322 1670 369 temptari

260 392 438 439 patimur.
498 391 592 438 Quis
623 394 720 429 enim
762 406 837 429 non
868 394 992 435 videt,
1032 393 1133 429 viam
1173 392 1287 440 regiae
1318 391 1511 427 societatis
1539 391 1670 438 quaeri,

261 473 337 508 qua
368 461 582 498 Romanum
615 462 763 504 foedus,
795 476 870 511 quo
896 471 1027 499 nostra
1049 463 1178 498 omnia
1201 462 1452 503 continentur,
1482 458 1670 496 violetur?

260 530 344 566 Nisi
380 531 451 565 hoc
482 530 636 567 dubium
677 532 788 568 alicui
819 539 895 573 est,
939 532 1154 568 bellandum
1187 531 1372 568 Romanis
1411 543 1494 566 cum
1528 531 1670 566 Perseo

260 611 343 636 esse
364 607 412 638 et,
434 601 536 648 quod
561 602 649 637 vivo
669 602 847 650 Philippo
870 610 1126 649 expectatum,
1150 609 1272 637 morte
1293 601 1372 636 eius
1389 599 1669 647 interpellatum
1723 594 1725 599 ¹

260 677 328 711 est,
358 669 394 705 id
426 678 512 717 post
544 678 702 706 mortem
738 671 904 719 Philippi
935 670 1115 706 futurum.
1166 672 1287 713 Duos,
1321 675 1362 705 ut
1393 669 1508 712 scitis,
1538 669 1672 705 habuit

259 739 357 774 filios
389 740 603 788 Philippus,
636 741 872 776 Demetrium
905 747 942 776 et
974 742 1128 777 Persea.
1193 741 1346 777 Genere
1377 746 1561 781 materno,
1594 738 1672 774 vir-

259 815 359 852 tute,
394 809 567 856 ingenim
610 809 744 846 favore
787 811 1041 846 Macedonum
1086 810 1198 859 longe
1235 808 1409 858 praestitit
1439 807 1670 846 DemetriuS.

261 877 335 914 Sed
369 878 459 925 quia
490 879 526 914 in
563 880 758 915 Romanos
791 881 865 916 odii
892 893 1049 928 regnum
1068 882 1258 928 ‘posuerat
1289 878 1498 927 praemium,
1530 878 1671 913 Deme-

262 947 373 983 trium
409 948 512 984 nullo
544 948 618 984 alio
650 949 806 985 crimine
831 963 945 997 quam
979 951 1164 986 Romanae
1191 946 1365 983 amiciti&
1386 947 1486 982 initae
1516 947 1672 991 occidit3

261 1017 427 1059 Persea,
474 1030 585 1064 quem
629 1018 712 1053 belli
751 1032 830 1054 cum
867 1020 1011 1068 populo
1053 1020 1228 1056 Romano
1269 1017 1374 1065 prius
1414 1028 1520 1064 paene
1555 1028 1670 1063 quam

260 1086 366 1133 regni
397 1087 573 1123 heredem
606 1088 772 1124 futurum
805 1090 967 1125 sciebat.
999 1101 1127 1137 regem
1159 1088 1259 1124 fecit.
1323 1087 1460 1134 Itaque
1490 1085 1580 1133 quid
1611 1086 1673 1121 hic

260 1163 347 1203 post
379 1165 537 1192 mortem
571 1159 690 1205 patris
721 1160 797 1206 egit
828 1159 930 1195 aliud
955 1171 1068 1207 quam
1089 1157 1227 1194 bellum
1251 1155 1429 1205 paravit?
1460 1156 1673 1192 Bastarnas

260 1226 422 1273 primum
465 1227 511 1262 ad
547 1235 735 1264 'terrorem
780 1231 946 1265 omnium
993 1231 1027 1264 in
1062 1228 1301 1264 Dardaniam
1344 1226 1505 1262 inmisit:
1548 1225 1673 1273 quisi

261 1294 388 1330 sedem
421 1307 504 1330 eam
538 1297 758 1340 tenuissent,
788 1299 986 1346 graviores
1017 1309 1083 1334 eos
1105 1298 1258 1334 accolas
1280 1296 1433 1333 Graecia
1462 1295 1675 1340 habuisset,

261 1377 377 1412 quam
420 1366 518 1402 Asia
556 1365 693 1403 Gallos
733 1367 912 1404 habebat.
980 1367 1040 1404 Ea
1078 1380 1146 1415 spe
1188 1367 1387 1415 depulsus,
1428 1378 1502 1401 non
1545 1371 1673 1400 tamen

264 1434 350 1470 belli
373 1435 533 1471 consilia
553 1436 698 1481 omisit3
731 1436 859 1481 immo,
886 1437 916 1473 si
934 1450 1022 1473 vere
1042 1437 1219 1473 volumus
1237 1437 1373 1478 dicere,
1391 1435 1464 1471 iam
1483 1434 1678 1470 inchoavit

265 1503 417 1539 bellum.
487 1505 695 1553 Dolopiam
734 1507 849 1543 armis
879 1507 1030 1554 subegit
1061 1519 1129 1542 nec
1161 1513 1416 1555 provocantes
1449 1505 1495 1541 de
1525 1512 1678 1540 contro-

264 1574 398 1609 versiis
433 1574 480 1610 ad
513 1575 827 1623 disceptationem
860 1576 990 1624 populi
1014 1576 1176 1612 Romani
1209 1576 1365 1612 audivit.
1416 1575 1522 1618 Inde,
1554 1581 1678 1623 trans-

263 1655 417 1691 gressus
451 1644 606 1687 (letam,
645 1654 682 1681 ut
715 1653 869 1694 repente
899 1646 935 1681 in
968 1646 1093 1681 medio
1124 1645 1304 1688 umbilico
1336 1644 1497 1681 Graeciae
1527 1642 1679 1691 conspi-

265 1721 425 1755 ceretur,
462 1714 634 1763 Delphos
665 1716 842 1752 escendit.
904 1716 997 1751 Haeo
1029 1716 1226 1764 usurpatio
1257 1715 1401 1751 itineris
1431 1713 1571 1750 insoliti
1603 1724 1678 1760 quo

264 1783 374 1818 vobis
405 1792 578 1831 spectare
608 1785 783 1821 videtur?
824 1785 1067 1821 Thessaliam
1100 1785 1236 1821 deinde
1267 1784 1500 1834 peragravit.
1564 1782 1679 1829 Quod

267 1853 349 1889 sine
379 1853 491 1889 ullius
522 1867 666 1896 eorum,
699 1869 793 1903 quos
833 1856 977 1897 oderat„
1008 1867 1124 1898 noxa,
1155 1855 1227 1890 hoc
1246 1854 1367 1901 magis
1385 1853 1677 1901 temptationem

214 1922 227 1938 '⁷
266 1931 407 1961 metuo,
480 1924 575 1960 Inde
613 1925 756 1960 litteras
791 1925 840 1960 ad
878 1937 947 1960 nos
987 1937 1070 1960 cum
1111 1923 1277 1960 muneris
1316 1923 1442 1970 specie
1482 1922 1604 1966 misit,
1643 1927 1680 1957 et

267 2080 284 2106 3
300 2076 522 2116 inaescnmurl
578 2079 682 2118 praetii
699 2077 927 2117 recipiendum
977 2081 994 2105 4
1011 2082 1173 2116 temptare
1227 2075 1259 2111 9,
1276 2079 1294 2105 2
1311 2075 1457 2105 omniam
1499 2077 1516 2103 5
1534 2073 1678 2104 futuram

268 2133 321 2168 10,
339 2138 355 2163 ‘2
384 2135 570 2175 philippum
590 2135 732 2165 ‹leti-ium
753 2142 784 2165 et
832 2137 851 2163 3
868 2134 1109 2173 praetititsupra
1124 2132 1269 2171 scriptos
1331 2131 1384 2167 11,
1422 2135 1431 2162 l
1456 2132 1618 2162 demetrio
1660 2133 1679 2160 3

268 2200 363 2230 quem
388 2193 512 2231 populo
539 2202 678 2222 romano
706 2191 796 2231 prius
822 2200 926 2231 paenae
955 2190 1025 2231 My.
1051 2195 1121 2230 post
1140 2189 1260 2220 leuben.
1289 2189 1407 2229 (quem
1425 2189 1503 2219 belli
1521 2189 1552 2218 in
1568 2198 1600 2228 p.
1618 2188 1680 2225 R.;

271 2246 370 2288 Gryn.
399 2258 496 2288 quem
525 2260 554 2289 p.
584 2250 621 2279 R.
651 2249 741 2289 prius
767 2249 892 2288 poenae)
954 2247 1008 2283 1‘2,
1039 2251 1056 2277 2
1085 2247 1217 2288 parabit
1266 2250 1285 2277 3
1313 2247 1347 2276 in
1374 2257 1432 2277 om.
1486 2251 1503 2275 4
1532 2242 1677 2284 soedeml

268 2316 382 2354 grecia
426 2320 442 2346 5
469 2317 592 2347 habeat
628 2317 735 2349 istis-s.
788 2317 842 2355 13,
875 2321 885 2347 l
917 2297 1120 2356 debepulsus
1143 2315 1148 2353 1
1171 2321 1237 2345 tam
1285 2319 1303 2345 2
1331 2314 1568 2345 consiliomisit
1590 2315 1594 2351 1
1619 2313 1681 2343 im·
1716 2300 1718 2307 λ

268 2385 375 2415 mousi
399 2386 403 2422 Ι
431 2383 528 2425 Gryn.
557 2395 635 2415 vera
674 2390 692 2415 :3
720 2386 911 2426 dolopiams
937 2384 1037 2415 armis
1060 2384 1064 2422 Ι
1088 2393 1149 2413 nec
1172 2383 1357 2423 prouinciis
1385 2384 1425 2413 de
1453 2381 1682 2414 controuersia

268 2443 309 2472 ad
336 2442 613 2482 disceptationem
642 2453 688 2482 pr.
717 2443 847 2473 audiuit
876 2442 974 2473 Gron.
1013 2440 1134 2481 (Gr-yn.
1173 2450 1236 2471 nec
1261 2441 1444 2481 provinciis
1479 2440 1519 2470 dc
1545 2445 1679 2469 contro·
1708 2477 1714 2492 ι

269 2513 372 2541 versis
401 2528 439 2532 —
468 2510 505 2541 P.
522 2510 562 2540 R.
590 2511 708 2549 adivit)
761 2516 780 2541 4
809 2495 1060 2549 transs'gressus
1126 2511 1143 2538 5
1173 2509 1296 2547 graecia
1347 2512 1365 2539 6
1396 2507 1495 2550 Gryn.
1525 2507 1682 2538 ascendit
1708 2492 1715 2546 l

270 2577 331 2615 14,
365 2582 374 2608 1
415 2588 480 2618 quo
507 2579 558 2608 uis
585 2585 734 2618 spectare
791 2583 808 2608 2
837 2578 1011 2609 tessaliam
1068 2580 1087 2607 3
1117 2576 1261 2608 Ηοέἱὶἰιιε
1286 2577 1416 2608 adierat.
1442 2577 1447 2615 Ι
1478 2577 1581 2607 noxia
1606 2575 1683 2606 Du·
1707 2547 1715 2601 i

268 2636 360 2667 ker-us
394 2635 448 2672 15,
481 2638 491 2666 1
523 2635 600 2665 mist
629 2633 696 2673 (N.
727 2635 867 2674 mittive)

1706 2614 1715 2679 ,4

1705 2696 1714 2835 ἑ

1704 2851 1710 2902 l
