1742 2902
164 1637 218 1683 43

339 137 389 174 84
694 132 798 164 Liber
822 129 931 162 XLII.
974 131 1037 171 (Δ.
1066 140 1098 162 u.
1127 139 1154 162 c.
1186 130 1283 170 588.)

228 260 248 294 5
282 257 328 304 Q.
361 255 496 298 Marci,
526 259 725 302 paternum
758 254 921 290 amicum
953 259 989 290 et
1013 254 1216 302 hospitem,
1242 253 1445 289 habebam.
1492 252 1568 290 Sed
1598 266 1692 291 non-

279 326 368 361 dum
392 326 555 360 Romam
587 330 788 360 accusator
809 324 1001 360 Eumenes
1031 329 1202 366 venerat,
1233 322 1297 369 qui
1319 322 1590 358 calumniando
1612 335 1692 360 om·

279 395 342 430 nia
373 392 715 440 detorquendoque
746 393 924 441 suspecta
955 398 989 428 et
1030 391 1153 427 invisa
1191 390 1357 427 efficeret
1387 398 1423 427 et
1462 392 1695 440 persuadere

278 463 388 499 vobis
419 468 634 506 conaretur,
665 475 740 498 non
771 475 884 510 posse
906 461 1097 499 Graeciam
1126 462 1162 497 in
1190 461 1362 497 libertate
1387 472 1470 497 esse
1499 468 1537 497 et
1565 468 1693 499 vestro

278 544 434 569 munere
464 531 557 575 frui,
597 530 724 578 quoad
762 544 920 579 regnum
952 531 1190 567 Macedoniae
1222 531 1410 566 incolume
1440 537 1551 566 essct.
1610 529 1692 568 Cir-

277 609 501 650 cumagetur
530 599 591 636 hic
622 600 743 644 orbis;
789 599 859 634 erit
894 613 1003 641 mox,
1043 601 1107 648 qui
1139 606 1289 647 arguat,
1321 600 1578 647 nequidquam
1610 602 1692 637 An⁴

277 671 444 708 tiochum
492 670 591 706 ultra
630 670 720 718 iuga
759 669 881 705 Tauri
924 676 1108 714 emotum;
1157 669 1375 717 graviorem
1417 669 1535 705 multo
1576 669 1693 715 Asiae,

279 753 393 788 quam
425 740 643 776 Antiochus
672 738 798 781 fuerit,
824 738 1020 774 Eumenen
1044 750 1147 782 esse3
1179 739 1447 786 conquiescere
1473 739 1598 775 socios
1629 752 1693 776 ve-

276 817 376 846 stros
409 821 485 845 non
517 820 642 856 posse,
675 808 803 855 quoad
836 808 943 856 regia
974 809 1155 856 Pergami
1185 809 1251 846 sit:
1300 821 1383 844 eam
1416 820 1542 844 arcem
1577 820 1694 857 supra
1741 815 1742 826 ¹

278 879 406 928 capita
434 878 679 914 finitimarum
712 878 921 913 civitatium
953 877 1184 925 impositam.
1248 878 1334 925 Ego
1366 878 1458 920 haec,
1493 876 1539 923 Q.
1571 878 1695 914 Marci

275 955 313 985 et
342 951 394 985 A.
427 948 535 991 Atili,
567 960 652 996 quae
678 954 745 983 aut
775 960 798 983 a
829 947 938 983 vobis
970 947 1121 983 obiecta
1152 953 1217 983 aut
1251 954 1416 995 purgata
1446 959 1469 983 a
1503 959 1563 983 me
1593 954 1694 994 sunt,

275 1019 370 1055 talia
400 1031 483 1054 esse
513 1017 612 1062 scio,
650 1023 690 1053 ut
721 1029 856 1056 aures,
892 1024 933 1053 ut
963 1017 1080 1053 animi
1111 1016 1346 1052 audientium
1376 1016 1473 1062 sint,
1515 1029 1585 1054 nec
1615 1024 1693 1054 tam

275 1087 431 1132 referre,
462 1087 553 1135 quid
583 1099 655 1135 ego
704 1092 770 1122 aut
801 1099 878 1134 qua
908 1094 1033 1122 mente
1062 1086 1231 1130 fecerim,
1273 1099 1387 1134 quam
1421 1087 1615 1134 quomodo
1656 1087 1694 1124 id

277 1171 348 1195 vos
378 1158 521 1194 factum
553 1156 764 1204 accipiatis,
824 1155 1011 1193 Conscius
1042 1156 1132 1192 mihi
1166 1169 1270 1201 sum,
1301 1157 1394 1193 nihil
1424 1169 1484 1192 me
1512 1157 1693 1194 scientem

276 1227 503 1275 deliquisse,
535 1232 590 1270 et,
633 1226 664 1261 si
696 1226 786 1273 quid
819 1225 973 1262 fecerim
1007 1226 1250 1274 inprudentia
1279 1227 1433 1274 lapsus,
1464 1227 1603 1275 corrigi
1635 1238 1694 1263 me

276 1304 313 1334 et
353 1296 548 1333 emendari
594 1296 845 1344 castigatione
884 1297 956 1332 hac
995 1308 1121 1344 posse.
1191 1297 1298 1333 Nihil
1339 1303 1441 1333 certe
1481 1297 1696 1334 insanabile

275 1379 345 1403 nec
377 1366 480 1414 quod
511 1365 611 1401 bello
635 1372 671 1401 et
693 1365 810 1401 armis
831 1365 1137 1413 persequendum
1165 1378 1247 1402 esse
1270 1366 1470 1409 censeatis,
1504 1365 1694 1411 commisi3

276 1444 343 1473 aut
383 1435 527 1472 frustra
565 1435 772 1472 clementiae
809 1434 1089 1482 gravitatisque
1131 1443 1267 1472 vestrae
1305 1434 1410 1471 fama
1441 1434 1598 1483 volgata
1628 1447 1696 1483 per

276 1513 408 1555 gentes
439 1512 516 1550 est,
547 1506 577 1541 si
609 1505 748 1541 talibus
781 1504 828 1540 de
859 1505 1008 1550 causis,
1048 1516 1131 1552 quae
1161 1505 1226 1540 vix
1258 1505 1415 1552 querela
1446 1511 1484 1540 et
1513 1512 1694 1552 expostu-

275 1576 418 1613 latione
440 1576 564 1624 dignae
585 1581 684 1620 sunt,
706 1587 815 1610 arma
838 1574 975 1622 capitis
1003 1581 1039 1610 et
1063 1575 1217 1623 regibus
1241 1575 1353 1612 sociis
1376 1573 1475 1611 bella
1506 1574 1691 1613 infe1·tis.“

389 1645 442 1682 Et
478 1645 662 1680 dicentem
707 1657 792 1680 cum
832 1644 996 1680 adsensu
1038 1644 1208 1681 Marcius
1258 1645 1387 1680 audire
1425 1646 1524 1680 visus
1561 1649 1613 1679 est
1646 1629 1696 1688 >et,

276 1727 356 1752 cum
375 1720 487 1762 finem
510 1716 661 1761 jecisset
691 1714 846 1757 dicendi,
878 1720 1013 1750 auctor
1042 1713 1115 1750 fuit
1146 1715 1318 1750 mittendi
1349 1716 1513 1751 Romam
1549 1713 1695 1759 leqatos.

277 1785 401 1821 Amici
429 1797 571 1833 quoque
599 1785 696 1830 reqis
724 1790 857 1820 secreto
889 1785 1122 1831 interroqati,
1164 1781 1370 1817 mittendine
1410 1781 1528 1830 legati
1559 1788 1696 1827 essent,

277 1867 363 1891 cum
395 1854 628 1902 experienda
659 1853 789 1889 onmia
817 1854 865 1889 ad
896 1854 1070 1890 ultimum
1102 1864 1170 1889 nec
1194 1852 1558 1900 praetermittendam
1589 1863 1696 1901 spem

281 1999 298 2027 5
327 2006 391 2036 que
417 1995 523 2026 marei
595 1994 636 2032 5,
663 1997 682 2024 2
717 1993 889 2025 calumnia
921 1993 956 2023 in
989 1994 1103 2024 omnia
1135 1993 1432 2034 retorquendoque
1457 1996 1616 2033 suscepta
1675 1995 1696 2023 4

278 2052 453 2096 libertaste
513 2067 530 2094 5
559 2073 626 2104 quo
650 2072 791 2101 regnum
815 2063 820 2103 j
841 2062 1030 2093 incolumes
1058 2062 1136 2093 Post
1162 2068 1250 2093 esset
1275 2061 1320 2092 H.
1347 2061 1455 2092 scribit
1477 2061 1614 2101 spatium
1640 2070 1697 2092 va·

280 2133 369 2153 cuum
395 2132 470 2152 esse.
522 2120 553 2159 6,
572 2124 590 2151 2
618 2120 813 2151 anthiocum
860 2123 880 2149 3
906 2120 994 2150 ultra
1013 2120 1103 2159 legat
1135 2129 1176 2149 an
1205 2124 1368 2149 remotum
1389 2119 1557 2158 (emotum
1586 2117 1696 2156 Gron.,

285 2179 384 2220 Gryn.
412 2179 594 2215 remotum)
619 2179 624 2215 1
647 2178 804 2217 grauiore
826 2178 831 2216 l
854 2177 1002 2217 asiaequc
1031 2186 1133 2216 quam
1158 2177 1309 2207 antiocus
1359 2180 1379 2206 4
1401 2175 1499 2217 Gryn.
1528 2185 1590 2206 nec
1617 2185 1696 2206 con-

282 2237 454 2276 quiescere
474 2253 514 2258 —
535 2243 666 2266 vestros
693 2244 793 2275 posse
827 2233 974 2273 (Vahlen
1000 2233 1100 2265 tradit
1135 2235 1165 2264 in
1203 2232 1273 2264 cod.
1301 2244 1382 2264 esse:
1419 2240 1698 2264 eumenenccesse

283 2293 538 2333 conquiescere)
604 2291 636 2330 7,
674 2296 687 2323 1
724 2292 796 2323 haec
824 2301 897 2331 quae
922 2302 967 2323 m.
996 2298 1030 2322 ct
1054 2302 1084 2322 a.
1113 2291 1182 2322 atili
1248 2294 1266 2321 5
1294 2291 1493 2332 accipiathis
1552 2290 1584 2327 9,
1611 2295 1629 2321 2
1656 2298 1698 2321 no

283 2352 372 2392 quod
430 2355 448 2380 4
475 2350 638 2390 quaerella
663 2355 697 2381 ct
721 2349 948 2390 postulatione
977 2349 1080 2388 digna
1156 2347 1286 2385 XLIII,
1314 2348 1345 2385 1,
1371 2352 1383 2379 l
1414 2353 1447 2378 et
1473 2348 1638 2379 dicentem
1665 2351 1700 2379 et

283 2418 358 2439 cum
387 2408 568 2438 adsensum
597 2407 741 2438 marcius
767 2414 885 2437 auctor
909 2405 972 2437 suit
996 2407 1147 2437 mittendi
1176 2416 1302 2436 romum
1338 2406 1440 2446 legati
1471 2413 1586 2436 essent
1620 2413 1696 2436 cum

285 2464 357 2507 My.
385 2464 457 2496 Em.
485 2464 574 2499 535,
611 2464 672 2494 nisi
701 2463 787 2505 quod
821 2474 901 2494 nunc
923 2469 1052 2505 propter
1077 2470 1188 2495 essent
1218 2462 1339 2494 addidi
1360 2463 1557 2494 mittendine
1582 2461 1695 2502 legati.

288 2522 387 2564 Gryn.
427 2522 508 2552 Haec
538 2521 662 2551 dicenti
698 2528 767 2552 tum
801 2532 957 2553 assensus
982 2522 1131 2553 Marcius
1156 2528 1253 2552 autor
1281 2520 1345 2552 fuit:
1370 2521 1521 2552 mittendi
1555 2521 1695 2552 Romam

281 2580 398 2620 legati,
417 2588 492 2610 cum
515 2587 591 2618 exp.
622 2595 662 2600 —
689 2580 887 2610 censuisset.
915 2579 1062 2620 Reliqua
1083 2588 1175 2610 cons.
1203 2577 1366 2610 Hearm'us
1390 2578 1520 2618 legatos
1568 2581 1589 2608 4
1613 2585 1696 2618 prae-

285 2637 535 2669 termittendnm
565 2636 656 2668 Grut.

1710 2705 1718 2902 ——1——--—
1712 2613 1722 2687 -r-v,
