<?xml version="1.0" encoding="UTF-8"?>
<!DOCTYPE html PUBLIC "-//W3C//DTD XHTML 1.0 Transitional//EN"
    "http://www.w3.org/TR/xhtml1/DTD/xhtml1-transitional.dtd">
<html xmlns="http://www.w3.org/1999/xhtml" xml:lang="en" lang="en">
 <head>
  <title>
</title>
<meta http-equiv="Content-Type" content="text/html;charset=utf-8" />
  <meta name='ocr-system' content='tesseract 3.04.00' />
  <meta name='ocr-capabilities' content='ocr_page ocr_carea ocr_par ocr_line ocrx_word'/>
</head>
<body>
  <div class='ocr_page' id='page_1' title='image "./p1historiarumrom04livyuoft_0014.png"; bbox 0 0 1742 2902; ppageno 0'>
   <div class='ocr_carea' id='block_1_1' title="bbox 843 135 926 161">
    <p class='ocr_par' dir='ltr' id='par_1_1' title="bbox 843 135 926 161">
     <span class='ocr_line' id='line_1_1' title="bbox 843 135 926 161; baseline 0.024 -2"><span class='ocrx_word' id='word_1_1' title='bbox 843 135 926 161; x_wconf 82' lang='lat' dir='ltr'>VIII</span> 
     </span>
    </p>
   </div>
   <div class='ocr_carea' id='block_1_2' title="bbox 179 252 1603 2664">
    <p class='ocr_par' dir='ltr' id='par_1_2' title="bbox 179 252 1599 1621">
     <span class='ocr_line' id='line_1_2' title="bbox 181 252 1591 300; baseline 0.001 -10"><span class='ocrx_word' id='word_1_2' title='bbox 181 254 243 290; x_wconf 89' lang='lat' dir='ltr'>ubi</span> <span class='ocrx_word' id='word_1_3' title='bbox 281 253 376 289; x_wconf 75' lang='lat' dir='ltr'>alius</span> <span class='ocrx_word' id='word_1_4' title='bbox 406 265 543 288; x_wconf 86' lang='lat' dir='ltr'>nomen</span> <span class='ocrx_word' id='word_1_5' title='bbox 575 253 790 298; x_wconf 80' lang='lat' dir='ltr'>apponitur,</span> <span class='ocrx_word' id='word_1_6' title='bbox 825 252 1014 300; x_wconf 82' lang='lat' dir='ltr'>Grynaeus</span> <span class='ocrx_word' id='word_1_7' title='bbox 1046 265 1120 288; x_wconf 86' lang='lat' dir='ltr'>uon</span> <span class='ocrx_word' id='word_1_8' title='bbox 1151 254 1380 295; x_wconf 82' lang='lat' dir='ltr'>nominatur,</span> <span class='ocrx_word' id='word_1_9' title='bbox 1411 268 1495 291; x_wconf 87' lang='lat' dir='ltr'>eum</span> <span class='ocrx_word' id='word_1_10' title='bbox 1527 268 1591 292; x_wconf 89' lang='lat' dir='ltr'>eo-</span> 
     </span>
     <span class='ocr_line' id='line_1_3' title="bbox 181 306 1592 356; baseline 0.001 -12"><span class='ocrx_word' id='word_1_11' title='bbox 181 309 274 344; x_wconf 82' lang='lat' dir='ltr'>dicis</span> <span class='ocrx_word' id='word_1_12' title='bbox 305 308 531 355; x_wconf 78' lang='lat' dir='ltr'>scripturam</span> <span class='ocrx_word' id='word_1_13' title='bbox 565 307 729 342; x_wconf 75' lang='lat' dir='ltr'>tenuisse</span> <span class='ocrx_word' id='word_1_14' title='bbox 761 306 999 354; x_wconf 83' lang='lat' dir='ltr'>intelligitur;</span> <span class='ocrx_word' id='word_1_15' title='bbox 1043 307 1108 342; x_wconf 90' lang='lat' dir='ltr'>ubi</span> <span class='ocrx_word' id='word_1_16' title='bbox 1139 308 1280 344; x_wconf 88' lang='lat' dir='ltr'>codicis</span> <span class='ocrx_word' id='word_1_17' title='bbox 1310 309 1535 356; x_wconf 77' lang='lat' dir='ltr'>scripturam</span> <span class='ocrx_word' id='word_1_18' title='bbox 1569 324 1592 347; x_wconf 82' lang='lat' dir='ltr'>a</span> 
     </span>
     <span class='ocr_line' id='line_1_4' title="bbox 182 361 1590 413; baseline 0.001 -14"><span class='ocrx_word' id='word_1_19' title='bbox 182 363 351 411; x_wconf 82' lang='lat' dir='ltr'>Grynaeo</span> <span class='ocrx_word' id='word_1_20' title='bbox 383 369 566 398; x_wconf 79' lang='lat' dir='ltr'>mutatam</span> <span class='ocrx_word' id='word_1_21' title='bbox 601 361 695 396; x_wconf 77' lang='lat' dir='ltr'>alius</span> <span class='ocrx_word' id='word_1_22' title='bbox 724 370 857 408; x_wconf 82' lang='lat' dir='ltr'>postea</span> <span class='ocrx_word' id='word_1_23' title='bbox 881 362 1013 397; x_wconf 80' lang='lat' dir='ltr'>melius</span> <span class='ocrx_word' id='word_1_24' title='bbox 1035 363 1264 405; x_wconf 72' lang='lat' dir='ltr'>emendavit,</span> <span class='ocrx_word' id='word_1_25' title='bbox 1296 362 1452 410; x_wconf 87' lang='lat' dir='ltr'>Grynaei</span> <span class='ocrx_word' id='word_1_26' title='bbox 1473 365 1590 413; x_wconf 85' lang='lat' dir='ltr'>scrip-</span> 
     </span>
     <span class='ocr_line' id='line_1_5' title="bbox 181 416 1591 464; baseline 0.001 -10"><span class='ocrx_word' id='word_1_27' title='bbox 181 427 268 454; x_wconf 88' lang='lat' dir='ltr'>tura</span> <span class='ocrx_word' id='word_1_28' title='bbox 298 418 394 452; x_wconf 84' lang='lat' dir='ltr'>inter</span> <span class='ocrx_word' id='word_1_29' title='bbox 424 416 661 464; x_wconf 70' lang='lat' dir='ltr'>parenthesis</span> <span class='ocrx_word' id='word_1_30' title='bbox 693 423 803 451; x_wconf 81' lang='lat' dir='ltr'>notas</span> <span class='ocrx_word' id='word_1_31' title='bbox 844 417 1052 452; x_wconf 66' lang='lat' dir='ltr'>subiicitur.</span> <span class='ocrx_word' id='word_1_32' title='bbox 1123 416 1298 453; x_wconf 80' lang='lat' dir='ltr'>Ceterum</span> <span class='ocrx_word' id='word_1_33' title='bbox 1331 430 1406 452; x_wconf 88' lang='lat' dir='ltr'>non</span> <span class='ocrx_word' id='word_1_34' title='bbox 1437 419 1591 455; x_wconf 89' lang='lat' dir='ltr'>omnino</span> 
     </span>
     <span class='ocr_line' id='line_1_6' title="bbox 182 470 1594 520; baseline 0.001 -12"><span class='ocrx_word' id='word_1_35' title='bbox 182 480 324 508; x_wconf 88' lang='lat' dir='ltr'>certum</span> <span class='ocrx_word' id='word_1_36' title='bbox 357 478 425 508; x_wconf 83' lang='lat' dir='ltr'>est.</span> <span class='ocrx_word' id='word_1_37' title='bbox 461 470 521 506; x_wconf 87' lang='lat' dir='ltr'>uni</span> <span class='ocrx_word' id='word_1_38' title='bbox 554 470 723 518; x_wconf 79' lang='lat' dir='ltr'>Grynaeo</span> <span class='ocrx_word' id='word_1_39' title='bbox 754 471 882 507; x_wconf 82' lang='lat' dir='ltr'>deberi</span> <span class='ocrx_word' id='word_1_40' title='bbox 915 472 1065 513; x_wconf 85' lang='lat' dir='ltr'>omnia,</span> <span class='ocrx_word' id='word_1_41' title='bbox 1097 484 1180 519; x_wconf 84' lang='lat' dir='ltr'>quae</span> <span class='ocrx_word' id='word_1_42' title='bbox 1211 473 1246 508; x_wconf 87' lang='lat' dir='ltr'>in</span> <span class='ocrx_word' id='word_1_43' title='bbox 1278 472 1402 520; x_wconf 87' lang='lat' dir='ltr'>prima</span> <span class='ocrx_word' id='word_1_44' title='bbox 1428 473 1594 509; x_wconf 77' lang='lat' dir='ltr'>editione</span> 
     </span>
     <span class='ocr_line' id='line_1_7' title="bbox 179 526 1593 574; baseline 0 -11"><span class='ocrx_word' id='word_1_45' title='bbox 179 535 326 563; x_wconf 83' lang='lat' dir='ltr'>mutata</span> <span class='ocrx_word' id='word_1_46' title='bbox 356 534 453 561; x_wconf 85' lang='lat' dir='ltr'>sunt.</span> <span class='ocrx_word' id='word_1_47' title='bbox 513 526 615 562; x_wconf 84' lang='lat' dir='ltr'>Nam</span> <span class='ocrx_word' id='word_1_48' title='bbox 649 526 684 561; x_wconf 91' lang='lat' dir='ltr'>in</span> <span class='ocrx_word' id='word_1_49' title='bbox 718 526 906 562; x_wconf 72' lang='lat' dir='ltr'>Desiderii</span> <span class='ocrx_word' id='word_1_50' title='bbox 938 527 1091 563; x_wconf 75' lang='lat' dir='ltr'>Erasini</span> <span class='ocrx_word' id='word_1_51' title='bbox 1131 527 1355 574; x_wconf 80' lang='lat' dir='ltr'>praefatione</span> <span class='ocrx_word' id='word_1_52' title='bbox 1394 528 1462 562; x_wconf 91' lang='lat' dir='ltr'>toti</span> <span class='ocrx_word' id='word_1_53' title='bbox 1496 528 1593 564; x_wconf 89' lang='lat' dir='ltr'>Livii</span> 
     </span>
     <span class='ocr_line' id='line_1_8' title="bbox 179 581 1595 629; baseline 0.001 -12"><span class='ocrx_word' id='word_1_54' title='bbox 179 581 334 618; x_wconf 88' lang='lat' dir='ltr'>editioni</span> <span class='ocrx_word' id='word_1_55' title='bbox 366 581 571 629; x_wconf 76' lang='lat' dir='ltr'>praeposita</span> <span class='ocrx_word' id='word_1_56' title='bbox 601 581 768 616; x_wconf 83' lang='lat' dir='ltr'>codicem</span> <span class='ocrx_word' id='word_1_57' title='bbox 795 581 855 622; x_wconf 81' lang='lat' dir='ltr'>„in</span> <span class='ocrx_word' id='word_1_58' title='bbox 879 581 1109 618; x_wconf 79' lang='lat' dir='ltr'>bibliotheca</span> <span class='ocrx_word' id='word_1_59' title='bbox 1131 582 1350 618; x_wconf 84' lang='lat' dir='ltr'>monasterii</span> <span class='ocrx_word' id='word_1_60' title='bbox 1375 582 1595 619; x_wconf 85' lang='lat' dir='ltr'>Laurisseni</span> 
     </span>
     <span class='ocr_line' id='line_1_9' title="bbox 179 636 1594 684; baseline 0 -11"><span class='ocrx_word' id='word_1_61' title='bbox 179 644 256 676; x_wconf 80' lang='lat' dir='ltr'>aut,</span> <span class='ocrx_word' id='word_1_62' title='bbox 288 644 328 671; x_wconf 79' lang='lat' dir='ltr'>ut</span> <span class='ocrx_word' id='word_1_63' title='bbox 357 636 472 683; x_wconf 83' lang='lat' dir='ltr'>vulgo</span> <span class='ocrx_word' id='word_1_64' title='bbox 504 636 664 675; x_wconf 82' lang='lat' dir='ltr'>dicatur,</span> <span class='ocrx_word' id='word_1_65' title='bbox 697 636 915 672; x_wconf 77' lang='lat' dir='ltr'>Lorssensis</span> <span class='ocrx_word' id='word_1_66' title='bbox 947 637 1182 684; x_wconf 75' lang='lat' dir='ltr'>repperisse··</span> <span class='ocrx_word' id='word_1_67' title='bbox 1224 637 1402 672; x_wconf 81' lang='lat' dir='ltr'>scribitur</span> <span class='ocrx_word' id='word_1_68' title='bbox 1435 637 1594 679; x_wconf 73' lang='lat' dir='ltr'>„Simon</span> 
     </span>
     <span class='ocr_line' id='line_1_10' title="bbox 180 691 1593 740; baseline 0 -12"><span class='ocrx_word' id='word_1_69' title='bbox 180 691 392 740; x_wconf 74' lang='lat' dir='ltr'>Grynaeus,</span> <span class='ocrx_word' id='word_1_70' title='bbox 433 691 492 726; x_wconf 83' lang='lat' dir='ltr'>vir</span> <span class='ocrx_word' id='word_1_71' title='bbox 528 698 568 726; x_wconf 85' lang='lat' dir='ltr'>ut</span> <span class='ocrx_word' id='word_1_72' title='bbox 608 691 645 726; x_wconf 92' lang='lat' dir='ltr'>in</span> <span class='ocrx_word' id='word_1_73' title='bbox 677 691 778 726; x_wconf 83' lang='lat' dir='ltr'>omui</span> <span class='ocrx_word' id='word_1_74' title='bbox 809 703 946 737; x_wconf 79' lang='lat' dir='ltr'>genere</span> <span class='ocrx_word' id='word_1_75' title='bbox 983 691 1193 726; x_wconf 84' lang='lat' dir='ltr'>litterarum</span> <span class='ocrx_word' id='word_1_76' title='bbox 1226 691 1321 727; x_wconf 87' lang='lat' dir='ltr'>citra</span> <span class='ocrx_word' id='word_1_77' title='bbox 1350 692 1593 739; x_wconf 74' lang='lat' dir='ltr'>supercilium</span> 
     </span>
     <span class='ocr_line' id='line_1_11' title="bbox 180 746 1595 793; baseline 0.001 -11"><span class='ocrx_word' id='word_1_78' title='bbox 180 747 370 782; x_wconf 68' lang='lat' dir='ltr'>eruditus.</span> <span class='ocrx_word' id='word_1_79' title='bbox 410 747 463 781; x_wconf 89' lang='lat' dir='ltr'>ita</span> <span class='ocrx_word' id='word_1_80' title='bbox 500 746 756 793; x_wconf 78' lang='lat' dir='ltr'>provehendis</span> <span class='ocrx_word' id='word_1_81' title='bbox 801 746 1020 781; x_wconf 75' lang='lat' dir='ltr'>liberalibus</span> <span class='ocrx_word' id='word_1_82' title='bbox 1064 746 1197 781; x_wconf 76' lang='lat' dir='ltr'>studiis</span> <span class='ocrx_word' id='word_1_83' title='bbox 1235 750 1385 782; x_wconf 55' lang='lat' dir='ltr'>natus-⁴⁴.</span> <span class='ocrx_word' id='word_1_84' title='bbox 1444 747 1595 783; x_wconf 82' lang='lat' dir='ltr'>Deinde</span> 
     </span>
     <span class='ocr_line' id='line_1_12' title="bbox 183 800 1594 849; baseline 0 -11"><span class='ocrx_word' id='word_1_85' title='bbox 183 800 416 849; x_wconf 78' lang='lat' dir='ltr'>interpositis</span> <span class='ocrx_word' id='word_1_86' title='bbox 446 801 578 849; x_wconf 81' lang='lat' dir='ltr'>paucis</span> <span class='ocrx_word' id='word_1_87' title='bbox 609 801 655 835; x_wconf 87' lang='lat' dir='ltr'>de</span> <span class='ocrx_word' id='word_1_88' title='bbox 685 801 757 836; x_wconf 79' lang='lat' dir='ltr'>hoc</span> <span class='ocrx_word' id='word_1_89' title='bbox 790 802 1033 838; x_wconf 79' lang='lat' dir='ltr'>monasterio,</span> <span class='ocrx_word' id='word_1_90' title='bbox 1065 802 1143 837; x_wconf 85' lang='lat' dir='ltr'>haec</span> <span class='ocrx_word' id='word_1_91' title='bbox 1175 801 1384 836; x_wconf 82' lang='lat' dir='ltr'>adduntur:</span> <span class='ocrx_word' id='word_1_92' title='bbox 1421 803 1594 844; x_wconf 73' lang='lat' dir='ltr'>„Arche-</span> 
     </span>
     <span class='ocr_line' id='line_1_13' title="bbox 181 855 1594 906; baseline 0 -14"><span class='ocrx_word' id='word_1_93' title='bbox 181 866 314 906; x_wconf 87' lang='lat' dir='ltr'>typum</span> <span class='ocrx_word' id='word_1_94' title='bbox 346 863 427 892; x_wconf 77' lang='lat' dir='ltr'>erat</span> <span class='ocrx_word' id='word_1_95' title='bbox 458 855 692 891; x_wconf 62' lang='lat' dir='ltr'>admirandae</span> <span class='ocrx_word' id='word_1_96' title='bbox 723 856 941 894; x_wconf 72' lang='lat' dir='ltr'>vetustatis,</span> <span class='ocrx_word' id='word_1_97' title='bbox 982 856 1107 903; x_wconf 67' lang='lat' dir='ltr'>priseo</span> <span class='ocrx_word' id='word_1_98' title='bbox 1139 868 1244 891; x_wconf 88' lang='lat' dir='ltr'>more</span> <span class='ocrx_word' id='word_1_99' title='bbox 1275 863 1461 904; x_wconf 85' lang='lat' dir='ltr'>perpetua.</span> <span class='ocrx_word' id='word_1_100' title='bbox 1496 856 1594 892; x_wconf 84' lang='lat' dir='ltr'>lit-te—</span> 
     </span>
     <span class='ocr_line' id='line_1_14' title="bbox 183 910 1596 958; baseline -0.001 -10"><span class='ocrx_word' id='word_1_101' title='bbox 183 924 311 948; x_wconf 82' lang='lat' dir='ltr'>rarum</span> <span class='ocrx_word' id='word_1_102' title='bbox 356 912 452 947; x_wconf 80' lang='lat' dir='ltr'>serie</span> <span class='ocrx_word' id='word_1_103' title='bbox 489 912 542 946; x_wconf 88' lang='lat' dir='ltr'>ita</span> <span class='ocrx_word' id='word_1_104' title='bbox 581 911 792 958; x_wconf 77' lang='lat' dir='ltr'>depictum,</span> <span class='ocrx_word' id='word_1_105' title='bbox 839 918 877 946; x_wconf 86' lang='lat' dir='ltr'>ut</span> <span class='ocrx_word' id='word_1_106' title='bbox 917 910 1180 946; x_wconf 72' lang='lat' dir='ltr'>difficillimum</span> <span class='ocrx_word' id='word_1_107' title='bbox 1223 910 1338 946; x_wconf 79' lang='lat' dir='ltr'>suerit,</span> <span class='ocrx_word' id='word_1_108' title='bbox 1377 912 1534 946; x_wconf 88' lang='lat' dir='ltr'>verbum</span> <span class='ocrx_word' id='word_1_109' title='bbox 1572 924 1596 948; x_wconf 82' lang='lat' dir='ltr'>a</span> 
     </span>
     <span class='ocr_line' id='line_1_15' title="bbox 184 965 1594 1013; baseline -0.001 -10"><span class='ocrx_word' id='word_1_110' title='bbox 184 968 302 1003; x_wconf 79' lang='lat' dir='ltr'>verbo</span> <span class='ocrx_word' id='word_1_111' title='bbox 334 967 522 1007; x_wconf 78' lang='lat' dir='ltr'>dirimere,</span> <span class='ocrx_word' id='word_1_112' title='bbox 553 965 624 1001; x_wconf 65' lang='lat' dir='ltr'>nisi</span> <span class='ocrx_word' id='word_1_113' title='bbox 656 966 781 1005; x_wconf 77' lang='lat' dir='ltr'>docto,</span> <span class='ocrx_word' id='word_1_114' title='bbox 813 974 958 1001; x_wconf 84' lang='lat' dir='ltr'>attento</span> <span class='ocrx_word' id='word_1_115' title='bbox 990 974 1025 1001; x_wconf 85' lang='lat' dir='ltr'>et</span> <span class='ocrx_word' id='word_1_116' title='bbox 1055 966 1093 1001; x_wconf 89' lang='lat' dir='ltr'>in</span> <span class='ocrx_word' id='word_1_117' title='bbox 1123 967 1196 1002; x_wconf 88' lang='lat' dir='ltr'>hoc</span> <span class='ocrx_word' id='word_1_118' title='bbox 1226 966 1348 1013; x_wconf 79' lang='lat' dir='ltr'>ipsum</span> <span class='ocrx_word' id='word_1_119' title='bbox 1372 966 1594 1002; x_wconf 86' lang='lat' dir='ltr'>exercitato.</span> 
     </span>
     <span class='ocr_line' id='line_1_16' title="bbox 184 1020 1595 1069; baseline -0.003 -9"><span class='ocrx_word' id='word_1_120' title='bbox 184 1022 297 1060; x_wconf 84' lang='lat' dir='ltr'>Unde</span> <span class='ocrx_word' id='word_1_121' title='bbox 328 1034 402 1057; x_wconf 90' lang='lat' dir='ltr'>non</span> <span class='ocrx_word' id='word_1_122' title='bbox 435 1034 568 1069; x_wconf 84' lang='lat' dir='ltr'>parum</span> <span class='ocrx_word' id='word_1_123' title='bbox 601 1021 743 1068; x_wconf 79' lang='lat' dir='ltr'>negotii</span> <span class='ocrx_word' id='word_1_124' title='bbox 773 1020 841 1056; x_wconf 79' lang='lat' dir='ltr'>fuit</span> <span class='ocrx_word' id='word_1_125' title='bbox 874 1021 909 1055; x_wconf 89' lang='lat' dir='ltr'>in</span> <span class='ocrx_word' id='word_1_126' title='bbox 942 1021 1114 1068; x_wconf 80' lang='lat' dir='ltr'>parando</span> <span class='ocrx_word' id='word_1_127' title='bbox 1149 1021 1371 1068; x_wconf 85' lang='lat' dir='ltr'>exemplari,</span> <span class='ocrx_word' id='word_1_128' title='bbox 1405 1021 1507 1067; x_wconf 88' lang='lat' dir='ltr'>quod</span> <span class='ocrx_word' id='word_1_129' title='bbox 1538 1029 1595 1069; x_wconf 82' lang='lat' dir='ltr'>ty-</span> 
     </span>
     <span class='ocr_line' id='line_1_17' title="bbox 182 1076 1595 1125; baseline 0 -13"><span class='ocrx_word' id='word_1_130' title='bbox 182 1077 428 1125; x_wconf 72' lang='lat' dir='ltr'>pographicis</span> <span class='ocrx_word' id='word_1_131' title='bbox 460 1077 586 1124; x_wconf 82' lang='lat' dir='ltr'>operis</span> <span class='ocrx_word' id='word_1_132' title='bbox 618 1076 831 1111; x_wconf 82' lang='lat' dir='ltr'>traderetur</span> <span class='ocrx_word' id='word_1_133' title='bbox 853 1076 1044 1111; x_wconf 71' lang='lat' dir='ltr'>utendum.</span> <span class='ocrx_word' id='word_1_134' title='bbox 1095 1076 1178 1111; x_wconf 81' lang='lat' dir='ltr'>Nee</span> <span class='ocrx_word' id='word_1_135' title='bbox 1203 1076 1347 1113; x_wconf 79' lang='lat' dir='ltr'>minore</span> <span class='ocrx_word' id='word_1_136' title='bbox 1368 1088 1460 1111; x_wconf 87' lang='lat' dir='ltr'>cura</span> <span class='ocrx_word' id='word_1_137' title='bbox 1481 1088 1595 1123; x_wconf 85' lang='lat' dir='ltr'>quam</span> 
     </span>
     <span class='ocr_line' id='line_1_18' title="bbox 180 1130 1596 1180; baseline -0.002 -11"><span class='ocrx_word' id='word_1_138' title='bbox 180 1133 254 1169; x_wconf 91' lang='lat' dir='ltr'>fide</span> <span class='ocrx_word' id='word_1_139' title='bbox 285 1132 533 1180; x_wconf 82' lang='lat' dir='ltr'>advigilatum</span> <span class='ocrx_word' id='word_1_140' title='bbox 566 1140 645 1175; x_wconf 75' lang='lat' dir='ltr'>est,</span> <span class='ocrx_word' id='word_1_141' title='bbox 690 1144 736 1167; x_wconf 89' lang='lat' dir='ltr'>ne</span> <span class='ocrx_word' id='word_1_142' title='bbox 768 1144 927 1178; x_wconf 76' lang='lat' dir='ltr'>usquam</span> <span class='ocrx_word' id='word_1_143' title='bbox 959 1130 996 1166; x_wconf 90' lang='lat' dir='ltr'>in</span> <span class='ocrx_word' id='word_1_144' title='bbox 1028 1131 1277 1166; x_wconf 79' lang='lat' dir='ltr'>describendo</span> <span class='ocrx_word' id='word_1_145' title='bbox 1308 1132 1357 1166; x_wconf 83' lang='lat' dir='ltr'>ab</span> <span class='ocrx_word' id='word_1_146' title='bbox 1388 1131 1596 1178; x_wconf 86' lang='lat' dir='ltr'>archetypo</span> 
     </span>
     <span class='ocr_line' id='line_1_19' title="bbox 183 1186 1597 1233; baseline -0.002 -8"><span class='ocrx_word' id='word_1_147' title='bbox 183 1188 462 1225; x_wconf 75' lang='lat' dir='ltr'>recede1·etur.“</span> <span class='ocrx_word' id='word_1_148' title='bbox 539 1189 633 1233; x_wconf 81' lang='lat' dir='ltr'>Quae</span> <span class='ocrx_word' id='word_1_149' title='bbox 674 1193 867 1233; x_wconf 75' lang='lat' dir='ltr'>postrema</span> <span class='ocrx_word' id='word_1_150' title='bbox 902 1187 1019 1221; x_wconf 87' lang='lat' dir='ltr'>verba</span> <span class='ocrx_word' id='word_1_151' title='bbox 1050 1186 1080 1221; x_wconf 85' lang='lat' dir='ltr'>si</span> <span class='ocrx_word' id='word_1_152' title='bbox 1111 1186 1297 1222; x_wconf 81' lang='lat' dir='ltr'>Erasmus</span> <span class='ocrx_word' id='word_1_153' title='bbox 1329 1186 1442 1221; x_wconf 83' lang='lat' dir='ltr'>etiam</span> <span class='ocrx_word' id='word_1_154' title='bbox 1475 1186 1521 1221; x_wconf 91' lang='lat' dir='ltr'>de</span> <span class='ocrx_word' id='word_1_155' title='bbox 1551 1186 1597 1222; x_wconf 88' lang='lat' dir='ltr'>li-</span> 
     </span>
     <span class='ocr_line' id='line_1_20' title="bbox 181 1241 1597 1291; baseline -0.001 -12"><span class='ocrx_word' id='word_1_156' title='bbox 181 1244 258 1280; x_wconf 80' lang='lat' dir='ltr'>bris</span> <span class='ocrx_word' id='word_1_157' title='bbox 288 1256 357 1291; x_wconf 87' lang='lat' dir='ltr'>per</span> <span class='ocrx_word' id='word_1_158' title='bbox 385 1243 649 1291; x_wconf 77' lang='lat' dir='ltr'>typographos</span> <span class='ocrx_word' id='word_1_159' title='bbox 680 1241 878 1289; x_wconf 74' lang='lat' dir='ltr'>descriptis</span> <span class='ocrx_word' id='word_1_160' title='bbox 903 1241 1061 1287; x_wconf 74' lang='lat' dir='ltr'>intelligi</span> <span class='ocrx_word' id='word_1_161' title='bbox 1083 1241 1216 1284; x_wconf 88' lang='lat' dir='ltr'>voluit,</span> <span class='ocrx_word' id='word_1_162' title='bbox 1246 1253 1293 1276; x_wconf 91' lang='lat' dir='ltr'>ne</span> <span class='ocrx_word' id='word_1_163' title='bbox 1321 1241 1352 1276; x_wconf 86' lang='lat' dir='ltr'>is</span> <span class='ocrx_word' id='word_1_164' title='bbox 1381 1249 1447 1276; x_wconf 80' lang='lat' dir='ltr'>aut</span> <span class='ocrx_word' id='word_1_165' title='bbox 1466 1253 1597 1277; x_wconf 85' lang='lat' dir='ltr'>verum</span> 
     </span>
     <span class='ocr_line' id='line_1_21' title="bbox 183 1296 1597 1343; baseline -0.001 -9"><span class='ocrx_word' id='word_1_166' title='bbox 183 1299 277 1335; x_wconf 87' lang='lat' dir='ltr'>mire</span> <span class='ocrx_word' id='word_1_167' title='bbox 311 1298 517 1333; x_wconf 51' lang='lat' dir='ltr'>occultavit¹</span> <span class='ocrx_word' id='word_1_168' title='bbox 548 1306 634 1337; x_wconf 73' lang='lat' dir='ltr'>aut,</span> <span class='ocrx_word' id='word_1_169' title='bbox 682 1296 783 1343; x_wconf 86' lang='lat' dir='ltr'>quod</span> <span class='ocrx_word' id='word_1_170' title='bbox 812 1297 936 1343; x_wconf 79' lang='lat' dir='ltr'>potius</span> <span class='ocrx_word' id='word_1_171' title='bbox 969 1297 1102 1339; x_wconf 81' lang='lat' dir='ltr'>credo,</span> <span class='ocrx_word' id='word_1_172' title='bbox 1133 1304 1252 1331; x_wconf 85' lang='lat' dir='ltr'>totam</span> <span class='ocrx_word' id='word_1_173' title='bbox 1284 1308 1362 1331; x_wconf 86' lang='lat' dir='ltr'>rem</span> <span class='ocrx_word' id='word_1_174' title='bbox 1394 1296 1597 1343; x_wconf 81' lang='lat' dir='ltr'>ignoravit.</span> 
     </span>
     <span class='ocr_line' id='line_1_22' title="bbox 184 1351 1599 1399; baseline -0.002 -9"><span class='ocrx_word' id='word_1_175' title='bbox 184 1353 410 1390; x_wconf 84' lang='lat' dir='ltr'>Adhibitam</span> <span class='ocrx_word' id='word_1_176' title='bbox 443 1353 540 1388; x_wconf 86' lang='lat' dir='ltr'>enim</span> <span class='ocrx_word' id='word_1_177' title='bbox 579 1360 740 1399; x_wconf 82' lang='lat' dir='ltr'>apparet</span> <span class='ocrx_word' id='word_1_178' title='bbox 781 1364 899 1398; x_wconf 87' lang='lat' dir='ltr'>prope</span> <span class='ocrx_word' id='word_1_179' title='bbox 939 1351 1121 1386; x_wconf 84' lang='lat' dir='ltr'>infinitam</span> <span class='ocrx_word' id='word_1_180' title='bbox 1164 1351 1488 1394; x_wconf 76' lang='lat' dir='ltr'>emendationem,</span> <span class='ocrx_word' id='word_1_181' title='bbox 1519 1351 1599 1387; x_wconf 86' lang='lat' dir='ltr'>sine</span> 
     </span>
     <span class='ocr_line' id='line_1_23' title="bbox 188 1405 1598 1456; baseline -0.003 -12"><span class='ocrx_word' id='word_1_182' title='bbox 188 1421 264 1456; x_wconf 85' lang='lat' dir='ltr'>qua</span> <span class='ocrx_word' id='word_1_183' title='bbox 295 1421 406 1444; x_wconf 87' lang='lat' dir='ltr'>nemo</span> <span class='ocrx_word' id='word_1_184' title='bbox 436 1408 507 1443; x_wconf 73' lang='lat' dir='ltr'>hos</span> <span class='ocrx_word' id='word_1_185' title='bbox 538 1407 656 1442; x_wconf 71' lang='lat' dir='ltr'>libros</span> <span class='ocrx_word' id='word_1_186' title='bbox 687 1406 813 1453; x_wconf 69' lang='lat' dir='ltr'>legere</span> <span class='ocrx_word' id='word_1_187' title='bbox 844 1406 1050 1453; x_wconf 71' lang='lat' dir='ltr'>potuisset,</span> <span class='ocrx_word' id='word_1_188' title='bbox 1081 1418 1243 1452; x_wconf 88' lang='lat' dir='ltr'>eamque</span> <span class='ocrx_word' id='word_1_189' title='bbox 1272 1405 1471 1447; x_wconf 73' lang='lat' dir='ltr'>eiusmodi,</span> <span class='ocrx_word' id='word_1_190' title='bbox 1502 1417 1598 1452; x_wconf 83' lang='lat' dir='ltr'>quae,</span> 
     </span>
     <span class='ocr_line' id='line_1_24' title="bbox 186 1461 1598 1511; baseline -0.003 -12"><span class='ocrx_word' id='word_1_191' title='bbox 186 1476 406 1511; x_wconf 83' lang='lat' dir='ltr'>quanquam</span> <span class='ocrx_word' id='word_1_192' title='bbox 447 1470 482 1498; x_wconf 86' lang='lat' dir='ltr'>et</span> <span class='ocrx_word' id='word_1_193' title='bbox 521 1462 639 1497; x_wconf 87' lang='lat' dir='ltr'>multa</span> <span class='ocrx_word' id='word_1_194' title='bbox 671 1461 801 1496; x_wconf 86' lang='lat' dir='ltr'>relicta</span> <span class='ocrx_word' id='word_1_195' title='bbox 832 1469 918 1496; x_wconf 76' lang='lat' dir='ltr'>sunt</span> <span class='ocrx_word' id='word_1_196' title='bbox 949 1470 983 1496; x_wconf 87' lang='lat' dir='ltr'>et</span> <span class='ocrx_word' id='word_1_197' title='bbox 1014 1473 1115 1508; x_wconf 71' lang='lat' dir='ltr'>saepe</span> <span class='ocrx_word' id='word_1_198' title='bbox 1142 1469 1324 1504; x_wconf 87' lang='lat' dir='ltr'>erratum,</span> <span class='ocrx_word' id='word_1_199' title='bbox 1366 1461 1479 1496; x_wconf 82' lang='lat' dir='ltr'>etiam</span> <span class='ocrx_word' id='word_1_200' title='bbox 1510 1472 1598 1508; x_wconf 82' lang='lat' dir='ltr'>gra-</span> 
     </span>
     <span class='ocr_line' id='line_1_25' title="bbox 186 1515 1599 1564; baseline -0.002 -10"><span class='ocrx_word' id='word_1_201' title='bbox 186 1519 283 1554; x_wconf 86' lang='lat' dir='ltr'>viter</span> <span class='ocrx_word' id='word_1_202' title='bbox 314 1525 349 1554; x_wconf 90' lang='lat' dir='ltr'>et</span> <span class='ocrx_word' id='word_1_203' title='bbox 379 1518 547 1555; x_wconf 75' lang='lat' dir='ltr'>licenter,</span> <span class='ocrx_word' id='word_1_204' title='bbox 584 1525 708 1552; x_wconf 83' lang='lat' dir='ltr'>tamen</span> <span class='ocrx_word' id='word_1_205' title='bbox 741 1517 820 1551; x_wconf 70' lang='lat' dir='ltr'>sine</span> <span class='ocrx_word' id='word_1_206' title='bbox 855 1516 1028 1552; x_wconf 82' lang='lat' dir='ltr'>doctrina</span> <span class='ocrx_word' id='word_1_207' title='bbox 1059 1525 1095 1550; x_wconf 71' lang='lat' dir='ltr'>et</span> <span class='ocrx_word' id='word_1_208' title='bbox 1125 1516 1299 1551; x_wconf 79' lang='lat' dir='ltr'>acumine</span> <span class='ocrx_word' id='word_1_209' title='bbox 1330 1515 1483 1564; x_wconf 84' lang='lat' dir='ltr'>egregio</span> <span class='ocrx_word' id='word_1_210' title='bbox 1515 1528 1599 1563; x_wconf 89' lang='lat' dir='ltr'>per—</span> 
     </span>
     <span class='ocr_line' id='line_1_26' title="bbox 182 1572 557 1621; baseline -0.008 -11"><span class='ocrx_word' id='word_1_211' title='bbox 182 1574 242 1610; x_wconf 87' lang='lat' dir='ltr'>fici</span> <span class='ocrx_word' id='word_1_212' title='bbox 273 1586 349 1609; x_wconf 88' lang='lat' dir='ltr'>non</span> <span class='ocrx_word' id='word_1_213' title='bbox 380 1572 557 1621; x_wconf 86' lang='lat' dir='ltr'>potuerit.</span> 
     </span>
    </p>

    <p class='ocr_par' dir='ltr' id='par_1_3' title="bbox 183 1625 1603 2664">
     <span class='ocr_line' id='line_1_27' title="bbox 297 1625 1598 1672; baseline -0.003 -8"><span class='ocrx_word' id='word_1_214' title='bbox 297 1628 522 1665; x_wconf 82' lang='lat' dir='ltr'>Orationem</span> <span class='ocrx_word' id='word_1_215' title='bbox 547 1627 658 1665; x_wconf 80' lang='lat' dir='ltr'>Livii.</span> <span class='ocrx_word' id='word_1_216' title='bbox 691 1633 730 1661; x_wconf 78' lang='lat' dir='ltr'>ut</span> <span class='ocrx_word' id='word_1_217' title='bbox 751 1626 824 1661; x_wconf 87' lang='lat' dir='ltr'>iam</span> <span class='ocrx_word' id='word_1_218' title='bbox 848 1625 939 1662; x_wconf 80' lang='lat' dir='ltr'>dixi.</span> <span class='ocrx_word' id='word_1_219' title='bbox 971 1626 1017 1661; x_wconf 87' lang='lat' dir='ltr'>ad</span> <span class='ocrx_word' id='word_1_220' title='bbox 1041 1626 1163 1672; x_wconf 80' lang='lat' dir='ltr'>ipsum</span> <span class='ocrx_word' id='word_1_221' title='bbox 1194 1625 1362 1661; x_wconf 88' lang='lat' dir='ltr'>codicem</span> <span class='ocrx_word' id='word_1_222' title='bbox 1385 1626 1439 1660; x_wconf 79' lang='lat' dir='ltr'>sie</span> <span class='ocrx_word' id='word_1_223' title='bbox 1470 1637 1598 1661; x_wconf 88' lang='lat' dir='ltr'>recen-</span> 
     </span>
     <span class='ocr_line' id='line_1_28' title="bbox 184 1679 1601 1730; baseline -0.002 -11"><span class='ocrx_word' id='word_1_224' title='bbox 184 1684 342 1728; x_wconf 69' lang='lat' dir='ltr'>suimus,</span> <span class='ocrx_word' id='word_1_225' title='bbox 373 1683 482 1730; x_wconf 73' lang='lat' dir='ltr'>quasi</span> <span class='ocrx_word' id='word_1_226' title='bbox 513 1694 612 1718; x_wconf 88' lang='lat' dir='ltr'>nunc</span> <span class='ocrx_word' id='word_1_227' title='bbox 643 1682 804 1729; x_wconf 88' lang='lat' dir='ltr'>primum</span> <span class='ocrx_word' id='word_1_228' title='bbox 827 1681 864 1716; x_wconf 90' lang='lat' dir='ltr'>hi</span> <span class='ocrx_word' id='word_1_229' title='bbox 886 1680 972 1716; x_wconf 89' lang='lat' dir='ltr'>libri</span> <span class='ocrx_word' id='word_1_230' title='bbox 994 1680 1206 1723; x_wconf 86' lang='lat' dir='ltr'>ederentur,</span> <span class='ocrx_word' id='word_1_231' title='bbox 1237 1679 1601 1727; x_wconf 77' lang='lat' dir='ltr'>emendavimusque</span> 
     </span>
     <span class='ocr_line' id='line_1_29' title="bbox 183 1735 1601 1784; baseline -0.003 -9"><span class='ocrx_word' id='word_1_232' title='bbox 183 1739 322 1778; x_wconf 76' lang='lat' dir='ltr'>libere,</span> <span class='ocrx_word' id='word_1_233' title='bbox 358 1745 479 1778; x_wconf 79' lang='lat' dir='ltr'>caute,</span> <span class='ocrx_word' id='word_1_234' title='bbox 511 1744 772 1784; x_wconf 88' lang='lat' dir='ltr'>quantumque</span> <span class='ocrx_word' id='word_1_235' title='bbox 800 1736 1012 1784; x_wconf 80' lang='lat' dir='ltr'>potuimus,</span> <span class='ocrx_word' id='word_1_236' title='bbox 1057 1736 1280 1782; x_wconf 75' lang='lat' dir='ltr'>prudenter,</span> <span class='ocrx_word' id='word_1_237' title='bbox 1323 1735 1379 1770; x_wconf 81' lang='lat' dir='ltr'>usi</span> <span class='ocrx_word' id='word_1_238' title='bbox 1417 1735 1454 1770; x_wconf 87' lang='lat' dir='ltr'>in</span> <span class='ocrx_word' id='word_1_239' title='bbox 1485 1747 1530 1770; x_wconf 90' lang='lat' dir='ltr'>ea</span> <span class='ocrx_word' id='word_1_240' title='bbox 1560 1747 1601 1771; x_wconf 88' lang='lat' dir='ltr'>re</span> 
     </span>
     <span class='ocr_line' id='line_1_30' title="bbox 183 1789 1601 1837; baseline -0.003 -7"><span class='ocrx_word' id='word_1_241' title='bbox 183 1794 411 1831; x_wconf 84' lang='lat' dir='ltr'>coniecturis</span> <span class='ocrx_word' id='word_1_242' title='bbox 444 1800 480 1829; x_wconf 85' lang='lat' dir='ltr'>et</span> <span class='ocrx_word' id='word_1_243' title='bbox 510 1792 671 1828; x_wconf 81' lang='lat' dir='ltr'>aliorum</span> <span class='ocrx_word' id='word_1_244' title='bbox 703 1798 739 1827; x_wconf 87' lang='lat' dir='ltr'>et</span> <span class='ocrx_word' id='word_1_245' title='bbox 769 1791 921 1834; x_wconf 71' lang='lat' dir='ltr'>nostris,</span> <span class='ocrx_word' id='word_1_246' title='bbox 953 1803 1067 1837; x_wconf 88' lang='lat' dir='ltr'>quum</span> <span class='ocrx_word' id='word_1_247' title='bbox 1101 1803 1197 1837; x_wconf 80' lang='lat' dir='ltr'>quas</span> <span class='ocrx_word' id='word_1_248' title='bbox 1228 1798 1342 1826; x_wconf 83' lang='lat' dir='ltr'>antea</span> <span class='ocrx_word' id='word_1_249' title='bbox 1374 1789 1601 1834; x_wconf 76' lang='lat' dir='ltr'>feceramus,</span> 
     </span>
     <span class='ocr_line' id='line_1_31' title="bbox 185 1845 1599 1895; baseline -0.003 -11"><span class='ocrx_word' id='word_1_250' title='bbox 185 1856 263 1884; x_wconf 82' lang='lat' dir='ltr'>tum</span> <span class='ocrx_word' id='word_1_251' title='bbox 287 1849 408 1888; x_wconf 74' lang='lat' dir='ltr'>novis,</span> <span class='ocrx_word' id='word_1_252' title='bbox 440 1860 535 1895; x_wconf 74' lang='lat' dir='ltr'>quas</span> <span class='ocrx_word' id='word_1_253' title='bbox 559 1854 741 1895; x_wconf 82' lang='lat' dir='ltr'>perpetua</span> <span class='ocrx_word' id='word_1_254' title='bbox 763 1846 903 1881; x_wconf 69' lang='lat' dir='ltr'>codicis</span> <span class='ocrx_word' id='word_1_255' title='bbox 934 1845 1130 1892; x_wconf 59' lang='lat' dir='ltr'>scripturae</span> <span class='ocrx_word' id='word_1_256' title='bbox 1152 1845 1399 1892; x_wconf 83' lang='lat' dir='ltr'>pertractatio</span> <span class='ocrx_word' id='word_1_257' title='bbox 1422 1852 1457 1881; x_wconf 79' lang='lat' dir='ltr'>et</span> <span class='ocrx_word' id='word_1_258' title='bbox 1486 1845 1599 1880; x_wconf 86' lang='lat' dir='ltr'>vesti-</span> 
     </span>
     <span class='ocr_line' id='line_1_32' title="bbox 186 1899 1601 1951; baseline -0.003 -12"><span class='ocrx_word' id='word_1_259' title='bbox 186 1904 335 1951; x_wconf 82' lang='lat' dir='ltr'>giorum</span> <span class='ocrx_word' id='word_1_260' title='bbox 371 1903 623 1950; x_wconf 70' lang='lat' dir='ltr'>perscrutatio</span> <span class='ocrx_word' id='word_1_261' title='bbox 655 1901 855 1949; x_wconf 68' lang='lat' dir='ltr'>suggessit.</span> <span class='ocrx_word' id='word_1_262' title='bbox 916 1906 1146 1947; x_wconf 62' lang='lat' dir='ltr'>(Juauquam</span> <span class='ocrx_word' id='word_1_263' title='bbox 1187 1900 1257 1936; x_wconf 78' lang='lat' dir='ltr'>fuit</span> <span class='ocrx_word' id='word_1_264' title='bbox 1288 1901 1415 1942; x_wconf 85' lang='lat' dir='ltr'>etiam,</span> <span class='ocrx_word' id='word_1_265' title='bbox 1445 1899 1508 1935; x_wconf 86' lang='lat' dir='ltr'>ubi</span> <span class='ocrx_word' id='word_1_266' title='bbox 1539 1900 1601 1935; x_wconf 85' lang='lat' dir='ltr'>vel</span> 
     </span>
     <span class='ocr_line' id='line_1_33' title="bbox 186 1954 1600 2007; baseline -0.002 -13"><span class='ocrx_word' id='word_1_267' title='bbox 186 1966 274 2007; x_wconf 84' lang='lat' dir='ltr'>post</span> <span class='ocrx_word' id='word_1_268' title='bbox 307 1959 504 1994; x_wconf 89' lang='lat' dir='ltr'>Hertzium</span> <span class='ocrx_word' id='word_1_269' title='bbox 544 1957 764 2005; x_wconf 73' lang='lat' dir='ltr'>simpliciter</span> <span class='ocrx_word' id='word_1_270' title='bbox 801 1956 1033 1992; x_wconf 87' lang='lat' dir='ltr'>redeundum</span> <span class='ocrx_word' id='word_1_271' title='bbox 1075 1963 1174 1991; x_wconf 73' lang='lat' dir='ltr'>esset</span> <span class='ocrx_word' id='word_1_272' title='bbox 1209 1955 1257 1990; x_wconf 83' lang='lat' dir='ltr'>ad</span> <span class='ocrx_word' id='word_1_273' title='bbox 1298 1955 1419 2003; x_wconf 82' lang='lat' dir='ltr'>ipsam</span> <span class='ocrx_word' id='word_1_274' title='bbox 1459 1954 1600 1991; x_wconf 83' lang='lat' dir='ltr'>codicis</span> 
     </span>
     <span class='ocr_line' id='line_1_34' title="bbox 188 2010 1600 2061; baseline -0.004 -11"><span class='ocrx_word' id='word_1_275' title='bbox 188 2014 417 2061; x_wconf 79' lang='lat' dir='ltr'>scripturam</span> <span class='ocrx_word' id='word_1_276' title='bbox 449 2025 524 2048; x_wconf 87' lang='lat' dir='ltr'>non</span> <span class='ocrx_word' id='word_1_277' title='bbox 556 2021 657 2048; x_wconf 85' lang='lat' dir='ltr'>recte</span> <span class='ocrx_word' id='word_1_278' title='bbox 691 2012 765 2047; x_wconf 83' lang='lat' dir='ltr'>iam</span> <span class='ocrx_word' id='word_1_279' title='bbox 799 2025 819 2047; x_wconf 85' lang='lat' dir='ltr'>a</span> <span class='ocrx_word' id='word_1_280' title='bbox 852 2010 1020 2058; x_wconf 83' lang='lat' dir='ltr'>Grynaeo</span> <span class='ocrx_word' id='word_1_281' title='bbox 1052 2017 1251 2050; x_wconf 75' lang='lat' dir='ltr'>mutatam,</span> <span class='ocrx_word' id='word_1_282' title='bbox 1281 2017 1323 2045; x_wconf 86' lang='lat' dir='ltr'>ut</span> <span class='ocrx_word' id='word_1_283' title='bbox 1345 2010 1454 2054; x_wconf 83' lang='lat' dir='ltr'>XLI,</span> <span class='ocrx_word' id='word_1_284' title='bbox 1477 2011 1542 2052; x_wconf 67' lang='lat'>22,</span> <span class='ocrx_word' id='word_1_285' title='bbox 1569 2013 1600 2054; x_wconf 88' lang='lat' dir='ltr'>l,</span> 
     </span>
     <span class='ocr_line' id='line_1_35' title="bbox 188 2066 1599 2111; baseline -0.004 -7"><span class='ocrx_word' id='word_1_286' title='bbox 188 2069 254 2104; x_wconf 86' lang='lat' dir='ltr'>ubi</span> <span class='ocrx_word' id='word_1_287' title='bbox 288 2081 363 2104; x_wconf 89' lang='lat' dir='ltr'>non</span> <span class='ocrx_word' id='word_1_288' title='bbox 395 2068 519 2104; x_wconf 84' lang='lat' dir='ltr'>minus</span> <span class='ocrx_word' id='word_1_289' title='bbox 549 2077 692 2103; x_wconf 85' lang='lat' dir='ltr'>rectum</span> <span class='ocrx_word' id='word_1_290' title='bbox 727 2076 781 2102; x_wconf 70' lang='lat' dir='ltr'>est</span> <span class='ocrx_word' id='word_1_291' title='bbox 811 2068 978 2104; x_wconf 48' lang='lat' dir='ltr'>scierant,</span> <span class='ocrx_word' id='word_1_292' title='bbox 1009 2066 1081 2101; x_wconf 87' lang='lat' dir='ltr'>hoc</span> <span class='ocrx_word' id='word_1_293' title='bbox 1103 2072 1171 2104; x_wconf 80' lang='lat' dir='ltr'>est,</span> <span class='ocrx_word' id='word_1_294' title='bbox 1201 2070 1451 2111; x_wconf 67' lang='lat' dir='ltr'>coynoverant,</span> <span class='ocrx_word' id='word_1_295' title='bbox 1483 2076 1599 2111; x_wconf 89' lang='lat' dir='ltr'>quam</span> 
     </span>
     <span class='ocr_line' id='line_1_36' title="bbox 190 2119 1598 2170; baseline -0.003 -11"><span class='ocrx_word' id='word_1_296' title='bbox 190 2124 243 2160; x_wconf 79' lang='lat' dir='ltr'>II.</span> <span class='ocrx_word' id='word_1_297' title='bbox 267 2127 326 2163; x_wconf 81' lang='lat'>11,</span> <span class='ocrx_word' id='word_1_298' title='bbox 347 2127 367 2159; x_wconf 81' lang='lat'>6</span> <span class='ocrx_word' id='word_1_299' title='bbox 387 2129 419 2159; x_wconf 79' lang='lat' dir='ltr'>et</span> <span class='ocrx_word' id='word_1_300' title='bbox 449 2125 559 2158; x_wconf 73' lang='lat' dir='ltr'>sciere</span> <span class='ocrx_word' id='word_1_301' title='bbox 587 2126 748 2170; x_wconf 63' lang='lat' dir='ltr'>pemitgsce</span> <span class='ocrx_word' id='word_1_302' title='bbox 786 2121 914 2156; x_wconf 69' lang='lat' dir='ltr'>indicio</span> <span class='ocrx_word' id='word_1_303' title='bbox 946 2129 1011 2155; x_wconf 86' lang='lat' dir='ltr'>aut</span> <span class='ocrx_word' id='word_1_304' title='bbox 1045 2121 1144 2168; x_wconf 84' lang='lat' dir='ltr'>apud</span> <span class='ocrx_word' id='word_1_305' title='bbox 1178 2119 1257 2156; x_wconf 80' lang='lat' dir='ltr'>Cic.</span> <span class='ocrx_word' id='word_1_306' title='bbox 1281 2133 1350 2167; x_wconf 86' lang='lat' dir='ltr'>pro</span> <span class='ocrx_word' id='word_1_307' title='bbox 1372 2120 1486 2156; x_wconf 86' lang='lat' dir='ltr'>Rosc.</span> <span class='ocrx_word' id='word_1_308' title='bbox 1510 2121 1598 2155; x_wconf 91' lang='lat' dir='ltr'>Am.</span> 
     </span>
     <span class='ocr_line' id='line_1_37' title="bbox 188 2175 1599 2223; baseline -0.003 -9"><span class='ocrx_word' id='word_1_309' title='bbox 188 2182 206 2223; x_wconf 55' lang='grc' dir='ltr'>ᾗ·</span> <span class='ocrx_word' id='word_1_310' title='bbox 230 2181 278 2214; x_wconf 77' lang='grc'>97</span> <span class='ocrx_word' id='word_1_311' title='bbox 307 2178 464 2221; x_wconf 73' lang='lat' dir='ltr'>Qm&#39;tctm</span> <span class='ocrx_word' id='word_1_312' title='bbox 488 2179 554 2213; x_wconf 76' lang='lat' dir='ltr'>cito</span> <span class='ocrx_word' id='word_1_313' title='bbox 576 2179 705 2213; x_wconf 60' lang='lat' dir='ltr'>scivit?</span> <span class='ocrx_word' id='word_1_314' title='bbox 736 2185 771 2212; x_wconf 84' lang='lat' dir='ltr'>et</span> <span class='ocrx_word' id='word_1_315' title='bbox 794 2176 1022 2223; x_wconf 82' lang='lat' dir='ltr'>aliquotiens</span> <span class='ocrx_word' id='word_1_316' title='bbox 1053 2175 1154 2222; x_wconf 88' lang='lat' dir='ltr'>apud</span> <span class='ocrx_word' id='word_1_317' title='bbox 1186 2175 1346 2210; x_wconf 87' lang='lat' dir='ltr'>eundem</span> <span class='ocrx_word' id='word_1_318' title='bbox 1379 2176 1507 2210; x_wconf 73' lang='lat' dir='ltr'>scitum</span> <span class='ocrx_word' id='word_1_319' title='bbox 1536 2181 1599 2218; x_wconf 76' lang='lat' dir='ltr'>est,</span> 
     </span>
     <span class='ocr_line' id='line_1_38' title="bbox 183 2230 1600 2278; baseline -0.004 -8"><span class='ocrx_word' id='word_1_320' title='bbox 183 2240 221 2270; x_wconf 84' lang='lat' dir='ltr'>et</span> <span class='ocrx_word' id='word_1_321' title='bbox 251 2234 401 2273; x_wconf 81' lang='lat' dir='ltr'>XLIV,</span> <span class='ocrx_word' id='word_1_322' title='bbox 435 2237 498 2276; x_wconf 70' lang='grc' dir='ltr'>ΔΗ),</span> <span class='ocrx_word' id='word_1_323' title='bbox 531 2235 565 2269; x_wconf 77' lang='lat' dir='ltr'>S.</span> <span class='ocrx_word' id='word_1_324' title='bbox 598 2233 659 2268; x_wconf 90' lang='lat' dir='ltr'>ubi</span> <span class='ocrx_word' id='word_1_325' title='bbox 691 2231 870 2268; x_wconf 79' lang='lat' dir='ltr'>Hertzius</span> <span class='ocrx_word' id='word_1_326' title='bbox 902 2242 1054 2278; x_wconf 86' lang='lat' dir='ltr'>quoque</span> <span class='ocrx_word' id='word_1_327' title='bbox 1098 2230 1241 2277; x_wconf 78' lang='lat' dir='ltr'>sprevit</span> <span class='ocrx_word' id='word_1_328' title='bbox 1282 2236 1381 2265; x_wconf 77' lang='lat' dir='ltr'>tenus</span> <span class='ocrx_word' id='word_1_329' title='bbox 1420 2241 1503 2265; x_wconf 89' lang='lat' dir='ltr'>cum</span> <span class='ocrx_word' id='word_1_330' title='bbox 1535 2241 1600 2276; x_wconf 88' lang='lat' dir='ltr'>ge-</span> 
     </span>
     <span class='ocr_line' id='line_1_39' title="bbox 186 2284 1603 2335; baseline -0.004 -11"><span class='ocrx_word' id='word_1_331' title='bbox 186 2289 305 2325; x_wconf 89' lang='lat' dir='ltr'>nitivo</span> <span class='ocrx_word' id='word_1_332' title='bbox 350 2289 517 2323; x_wconf 89' lang='lat' dir='ltr'>iunctum</span> <span class='ocrx_word' id='word_1_333' title='bbox 568 2288 743 2335; x_wconf 87' lang='lat' dir='ltr'>exemplo</span> <span class='ocrx_word' id='word_1_334' title='bbox 792 2287 909 2334; x_wconf 67' lang='lat' dir='ltr'>ipsius</span> <span class='ocrx_word' id='word_1_335' title='bbox 961 2285 1058 2321; x_wconf 75' lang='lat' dir='ltr'>Livii</span> <span class='ocrx_word' id='word_1_336' title='bbox 1102 2285 1283 2331; x_wconf 78' lang='lat' dir='ltr'>(XXVI,</span> <span class='ocrx_word' id='word_1_337' title='bbox 1328 2286 1399 2328; x_wconf 69' lang='lat'>24,</span> <span class='ocrx_word' id='word_1_338' title='bbox 1458 2284 1520 2330; x_wconf 82' lang='lat' dir='ltr'>lt)</span> <span class='ocrx_word' id='word_1_339' title='bbox 1565 2290 1603 2320; x_wconf 82' lang='lat' dir='ltr'>et</span> 
     </span>
     <span class='ocr_line' id='line_1_40' title="bbox 185 2338 1601 2390; baseline -0.005 -10"><span class='ocrx_word' id='word_1_340' title='bbox 185 2343 290 2380; x_wconf 83' lang='lat' dir='ltr'>Caelii</span> <span class='ocrx_word' id='word_1_341' title='bbox 336 2343 386 2389; x_wconf 89' lang='lat' dir='ltr'>(in</span> <span class='ocrx_word' id='word_1_342' title='bbox 429 2341 624 2379; x_wconf 81' lang='lat' dir='ltr'>Ciceronis</span> <span class='ocrx_word' id='word_1_343' title='bbox 665 2343 772 2390; x_wconf 76' lang='lat' dir='ltr'>epist.</span> <span class='ocrx_word' id='word_1_344' title='bbox 813 2341 861 2377; x_wconf 84' lang='lat' dir='ltr'>ad</span> <span class='ocrx_word' id='word_1_345' title='bbox 903 2342 1011 2376; x_wconf 79' lang='lat' dir='ltr'>Fam.</span> <span class='ocrx_word' id='word_1_346' title='bbox 1048 2340 1164 2383; x_wconf 84' lang='lat' dir='ltr'>VIII,</span> <span class='ocrx_word' id='word_1_347' title='bbox 1205 2343 1212 2374; x_wconf 84' lang='grc'>1</span> <span class='ocrx_word' id='word_1_348' title='bbox 1253 2339 1366 2385; x_wconf 85' lang='lat' dir='ltr'>med.)</span> <span class='ocrx_word' id='word_1_349' title='bbox 1412 2347 1447 2374; x_wconf 92' lang='lat' dir='ltr'>et</span> <span class='ocrx_word' id='word_1_350' title='bbox 1479 2338 1601 2384; x_wconf 79' lang='lat' dir='ltr'>Quin-</span> 
     </span>
     <span class='ocr_line' id='line_1_41' title="bbox 184 2394 1602 2444; baseline -0.004 -9"><span class='ocrx_word' id='word_1_351' title='bbox 184 2399 305 2435; x_wconf 87' lang='lat' dir='ltr'>tiliani</span> <span class='ocrx_word' id='word_1_352' title='bbox 350 2397 462 2444; x_wconf 86' lang='lat' dir='ltr'>(XII,</span> <span class='ocrx_word' id='word_1_353' title='bbox 509 2399 544 2435; x_wconf 76' lang='lat'>⁶2.</span> <span class='ocrx_word' id='word_1_354' title='bbox 596 2400 668 2440; x_wconf 66' lang='lat'>17),</span> <span class='ocrx_word' id='word_1_355' title='bbox 709 2404 749 2432; x_wconf 85' lang='lat' dir='ltr'>ut</span> <span class='ocrx_word' id='word_1_356' title='bbox 781 2397 943 2432; x_wconf 87' lang='lat' dir='ltr'>Plinium</span> <span class='ocrx_word' id='word_1_357' title='bbox 977 2395 1092 2440; x_wconf 83' lang='lat' dir='ltr'>(Hist.</span> <span class='ocrx_word' id='word_1_358' title='bbox 1126 2395 1175 2431; x_wconf 89' lang='lat' dir='ltr'>N.</span> <span class='ocrx_word' id='word_1_359' title='bbox 1207 2394 1410 2436; x_wconf 84' lang='lat' dir='ltr'>XXXIV,</span> <span class='ocrx_word' id='word_1_360' title='bbox 1456 2394 1522 2440; x_wconf 64' lang='lat'>55)</span> <span class='ocrx_word' id='word_1_361' title='bbox 1565 2400 1602 2429; x_wconf 85' lang='lat' dir='ltr'>et</span> 
     </span>
     <span class='ocr_line' id='line_1_42' title="bbox 186 2450 1600 2501; baseline -0.004 -12"><span class='ocrx_word' id='word_1_362' title='bbox 186 2461 321 2501; x_wconf 87' lang='lat' dir='ltr'>poetas</span> <span class='ocrx_word' id='word_1_363' title='bbox 343 2453 574 2489; x_wconf 81' lang='lat' dir='ltr'>omittamus.</span> <span class='ocrx_word' id='word_1_364' title='bbox 624 2452 726 2488; x_wconf 80' lang='lat' dir='ltr'>Nam</span> <span class='ocrx_word' id='word_1_365' title='bbox 758 2453 804 2487; x_wconf 92' lang='lat' dir='ltr'>‹le</span> <span class='ocrx_word' id='word_1_366' title='bbox 829 2452 953 2486; x_wconf 82' lang='lat' dir='ltr'>forma</span> <span class='ocrx_word' id='word_1_367' title='bbox 978 2450 1133 2498; x_wconf 80' lang='lat' dir='ltr'>genitivi</span> <span class='ocrx_word' id='word_1_368' title='bbox 1159 2457 1290 2485; x_wconf 80' lang='lat' dir='ltr'>nostro</span> <span class='ocrx_word' id='word_1_369' title='bbox 1323 2456 1495 2495; x_wconf 89' lang='lat' dir='ltr'>tempore</span> <span class='ocrx_word' id='word_1_370' title='bbox 1523 2460 1600 2483; x_wconf 88' lang='lat' dir='ltr'>non</span> 
     </span>
     <span class='ocr_line' id='line_1_43' title="bbox 186 2502 1601 2554; baseline -0.004 -10"><span class='ocrx_word' id='word_1_371' title='bbox 186 2509 394 2544; x_wconf 84' lang='lat' dir='ltr'>dubitatur.</span> <span class='ocrx_word' id='word_1_372' title='bbox 426 2508 583 2549; x_wconf 87' lang='lat' dir='ltr'>Eorum,</span> <span class='ocrx_word' id='word_1_373' title='bbox 611 2520 771 2554; x_wconf 88' lang='lat' dir='ltr'>quorum</span> <span class='ocrx_word' id='word_1_374' title='bbox 802 2506 1026 2541; x_wconf 77' lang='lat' dir='ltr'>coniecturis</span> <span class='ocrx_word' id='word_1_375' title='bbox 1051 2505 1111 2540; x_wconf 84' lang='lat' dir='ltr'>vel</span> <span class='ocrx_word' id='word_1_376' title='bbox 1135 2505 1171 2540; x_wconf 86' lang='lat' dir='ltr'>in</span> <span class='ocrx_word' id='word_1_377' title='bbox 1203 2504 1367 2539; x_wconf 82' lang='lat' dir='ltr'>minimis</span> <span class='ocrx_word' id='word_1_378' title='bbox 1397 2504 1510 2538; x_wconf 89' lang='lat' dir='ltr'>rebus</span> <span class='ocrx_word' id='word_1_379' title='bbox 1543 2502 1601 2539; x_wconf 82' lang='lat' dir='ltr'>usi</span> 
     </span>
     <span class='ocr_line' id='line_1_44' title="bbox 184 2557 1600 2608; baseline -0.005 -9"><span class='ocrx_word' id='word_1_380' title='bbox 184 2576 337 2607; x_wconf 83' lang='lat' dir='ltr'>sumus,</span> <span class='ocrx_word' id='word_1_381' title='bbox 379 2562 534 2598; x_wconf 88' lang='lat' dir='ltr'>nomina</span> <span class='ocrx_word' id='word_1_382' title='bbox 574 2562 713 2608; x_wconf 89' lang='lat' dir='ltr'>ubique</span> <span class='ocrx_word' id='word_1_383' title='bbox 751 2561 926 2597; x_wconf 78' lang='lat' dir='ltr'>indicatae</span> <span class='ocrx_word' id='word_1_384' title='bbox 956 2560 1097 2595; x_wconf 82' lang='lat' dir='ltr'>codicis</span> <span class='ocrx_word' id='word_1_385' title='bbox 1135 2560 1332 2606; x_wconf 83' lang='lat' dir='ltr'>scripturae</span> <span class='ocrx_word' id='word_1_386' title='bbox 1359 2557 1600 2601; x_wconf 83' lang='lat' dir='ltr'>subiecimus,</span> 
     </span>
     <span class='ocr_line' id='line_1_45' title="bbox 188 2612 1601 2664; baseline -0.005 -10"><span class='ocrx_word' id='word_1_387' title='bbox 188 2619 319 2654; x_wconf 80' lang='lat' dir='ltr'>addita</span> <span class='ocrx_word' id='word_1_388' title='bbox 349 2619 386 2654; x_wconf 90' lang='lat' dir='ltr'>in</span> <span class='ocrx_word' id='word_1_389' title='bbox 416 2617 569 2661; x_wconf 80' lang='lat' dir='ltr'>nostris,</span> <span class='ocrx_word' id='word_1_390' title='bbox 600 2628 696 2664; x_wconf 81' lang='lat' dir='ltr'>quas</span> <span class='ocrx_word' id='word_1_391' title='bbox 726 2617 763 2652; x_wconf 91' lang='lat' dir='ltr'>in</span> <span class='ocrx_word' id='word_1_392' title='bbox 795 2615 1101 2651; x_wconf 82' lang='lat' dir='ltr'>emendationum</span> <span class='ocrx_word' id='word_1_393' title='bbox 1134 2613 1328 2650; x_wconf 90' lang='lat' dir='ltr'>volumine</span> <span class='ocrx_word' id='word_1_394' title='bbox 1351 2612 1601 2660; x_wconf 81' lang='lat' dir='ltr'>evulgavera-</span> 
     </span>
    </p>
   </div>
  </div>
 </body>
</html>
