1742 2902
216 334 224 353 Ι

210 459 230 492 5

210 598 231 631 9

189 876 231 907 m

188 1083 226 1116 ll

190 1361 233 1393 12

214 1637 234 1671 10

319 131 366 165 ⁴2
668 131 769 160 Liber
793 130 902 161 XLII.
955 130 1016 169 (A.
1045 140 1076 161 u.
1106 140 1133 161 c.
1163 132 1258 167 581.)

262 263 386 287 rerum
429 249 578 297 cupidi,
620 262 685 286 seu
723 251 813 298 quia
853 264 929 288 non
969 251 1106 288 abiecti
1143 263 1226 289 esse
1255 252 1440 290 Romanis
1477 252 1668 288 volebant.

264 321 385 356 Erant
416 325 542 355 autem
574 331 648 355 non
665 320 789 356 AEtoli
810 321 924 358 modo
954 321 992 357 in
1018 321 1265 358 seditionibus
1295 328 1451 370 propter
1479 322 1668 370 ingentem

263 389 337 424 vim
372 388 456 424 aeris
486 387 611 433 alieni,
641 389 707 425 sed
737 390 915 426 Thessali
947 391 1080 434 etiam;
1111 403 1159 427 ex
1185 391 1412 439 contagione
1442 391 1546 428 velut
1562 391 1670 428 tabes

262 459 299 493 in
331 457 588 494 Perrhaebiam
621 471 772 507 quoque
803 460 839 496 id
873 467 1095 508 pervaserat
1127 461 1280 498 malum.
1333 459 1430 497 Cum
1461 459 1670 497 Thessalos

262 528 299 563 in
331 528 446 563 armis
478 539 560 563 esse
590 529 802 565 nuntiatum
833 536 955 573 esset,
986 531 1064 578 Ap,
1093 530 1295 566 Claudium
1327 530 1495 578 legatum
1527 529 1575 566 ad
1605 541 1670 566 eas

263 609 324 633 res
355 597 593 645 aspiciendas
623 598 969 646 conponendasque
999 605 1154 635 senatus
1184 599 1298 636 misit.
1357 599 1444 646 Qui,
1475 599 1672 647 utriusque

264 665 382 713 partis
412 666 646 714 principibus
677 667 897 715 castigatis,
937 679 1021 704 cum
1052 668 1192 705 iniusto
1223 667 1355 705 fenore
1384 674 1587 716 gravatum
1620 680 1671 705 aes

265 735 449 779 alienum,
490 735 582 783 ipsis
613 747 754 783 magna
784 749 831 773 ex
862 744 971 785 parte
1001 737 1314 781 concedentibus,
1360 737 1424 785 qui
1455 745 1672 783 oneramur,

265 804 448 847 levasset,
499 806 586 841 iusti
629 806 760 842 crediti
805 806 1031 843 solutionem
1083 808 1121 843 in
1162 807 1201 844 X
1242 819 1426 844 annorum
1470 808 1672 856 pensiones

265 873 466 910 distribuit.
546 876 623 912 Per
660 876 820 912 eundem
850 877 1020 926 Appium
1064 877 1276 925 eodemque
1313 877 1427 913 modo
1467 875 1673 924 conpositae

265 943 301 978 in
333 945 555 982 Perrhaebia
585 958 656 982 res.
742 947 963 983 AEtolorum
1004 959 1141 984 causas
1172 946 1378 983 Marcellus
1408 945 1570 994 Delphis
1605 957 1674 994 per

266 1013 364 1049 idem
409 1020 557 1062 tempus
602 1027 669 1051 non
711 1018 826 1051 mimas
855 1017 1056 1053 hostilibus
1087 1023 1192 1053 aetas
1222 1016 1380 1061 animis,
1425 1027 1534 1063 quam
1577 1026 1674 1062 quos

267 1082 444 1118 intestino
474 1091 672 1131 gesserant
702 1086 820 1124 bello.
863 1087 1056 1133 cognovit.
1136 1084 1231 1122 Cum
1272 1091 1455 1122 certatum
1485 1084 1675 1132 utrimque

267 1152 479 1188 temeritate
510 1154 635 1202 adque
665 1155 828 1191 audacia
858 1163 1046 1198 cerneret,
1094 1156 1246 1191 decreto
1292 1155 1443 1203 quidem
1483 1166 1551 1190 suo
1583 1165 1673 1190 neu-

268 1229 364 1257 tram
395 1230 542 1270 partem
585 1230 649 1260 aut
687 1223 815 1260 levare
852 1231 917 1260 aut
956 1237 1116 1261 onerare
1145 1225 1283 1268 voluit;
1332 1223 1583 1261 communiter
1626 1223 1674 1259 ab

267 1291 438 1339 utrisque
480 1293 609 1340 petiit,
655 1293 887 1330 abstinerent
934 1294 1032 1330 bello
1077 1302 1114 1330 et
1161 1294 1353 1330 oblivione
1396 1293 1673 1342 praeteritorum

267 1360 478 1397 discordias
515 1362 677 1399 finirent.
769 1364 894 1401 Huius
930 1364 1250 1401 reconciliationis
1294 1364 1391 1400 inter
1435 1363 1538 1411 ipsos
1582 1362 1676 1398 fides

268 1430 463 1467 obsidibus
497 1431 596 1468 ultro
627 1432 797 1480 citroque
829 1433 927 1469 datis
958 1434 1111 1469 firmata
1141 1440 1209 1472 est.
1268 1432 1487 1476 Corinthus,
1518 1431 1581 1468 ubi
1613 1431 1676 1468 de-

267 1508 497 1548 ponerentur
527 1502 691 1547 obsides.
722 1503 909 1539 convenit.

377 1573 415 1607 A
447 1571 608 1619 Delphis
648 1580 683 1608 et
714 1572 886 1608 AEtolico
924 1572 1084 1609 concilio
1122 1572 1327 1609 Marcellus
1365 1573 1403 1608 in
1433 1571 1675 1623 Peloponne-

267 1651 348 1675 sum
383 1641 549 1685 traiecit,
591 1654 666 1689 quo
698 1642 851 1678 Achaeis
882 1642 1054 1678 edixerat
1083 1648 1324 1677 conventum.
1388 1640 1489 1684 Ubi,
1522 1640 1676 1676 conlau-

266 1709 356 1746 data
386 1717 517 1757 gente.
549 1711 651 1759 quod
682 1718 901 1748 constanter
930 1718 1038 1747 vetus
1069 1711 1259 1747 decretum
1291 1710 1338 1746 de
1368 1709 1540 1746 arcendis
1572 1709 1676 1745 aditu

266 1779 394 1815 finium
426 1781 580 1828 regibus
612 1781 867 1818 Macedonum
899 1781 1119 1825 tenuissent,
1150 1779 1298 1827 insigne
1327 1779 1511 1815 adversus
1533 1779 1677 1815 Persea

267 1849 393 1885 odium
426 1850 689 1886 Romanorum
721 1850 829 1895 feeit3
875 1851 977 1898 quod
1015 1857 1055 1886 ut
1093 1850 1279 1886 maturius
1316 1855 1552 1896 erumperet,
1598 1848 1675 1884 Eu-

267 1990 285 2016 3
313 1987 445 2018 obiecta
470 1986 541 2028 My.
569 1987 641 2017 Em.
679 1985 749 2017 510
774 1986 952 2016 coniectura
983 1985 1101 2015 incerta
1129 1983 1251 2025 (Gryn.
1287 1984 1366 2025 quia
1390 1992 1467 2015 eum
1494 1983 1672 2015 obiectum.

269 2044 356 2075 Fort.
382 2045 460 2084 quia
485 2045 597 2075 omnia
622 2044 755 2075 obiecta
779 2052 863 2074 esse.
906 2041 1172 2083 Improbabiliora
1195 2040 1255 2073 alii
1278 2041 1402 2083 nuper.)
1461 2040 1492 2077 7,
1513 2045 1532 2071 2
1559 2040 1675 2072 tessali

289 2112 328 2132 ca
355 2103 554 2141 contagione
581 2101 726 2143 Doerinq.
756 2102 913 2137 (Gronov.
948 2108 980 2131 et
1005 2100 1111 2138 cont.)
1151 2103 1169 2130 3
1192 2100 1377 2140 perregiam
1426 2097 1459 2136 8,
1490 2101 1502 2128 1
1534 2097 1675 2128 tessalos

268 2163 284 2188 2
313 2160 502 2189 nuntiatum
530 2158 708 2197 cstGro›1.,
728 2158 799 2200 My.
811 2158 882 2190 Em.
910 2158 984 2189 511.
1021 2158 1088 2195 9‚3
1126 2163 1267 2188 onerant
1300 2160 1319 2187 4
1347 2157 1381 2186 in
1405 2165 1422 2185 z
1447 2164 1523 2185 ann.
1562 2153 1673 2186 Weiss.

266 2216 385 2257 (Gr-yn.
414 2217 446 2246 in
476 2226 640 2247 annorum
658 2217 761 2257 spatio
792 2215 964 2254 interieclo)
1016 2214 1070 2252 10,
1102 2217 1114 2244 l
1145 2215 1178 2244 in
1203 2213 1390 2253 eodemque
1425 2215 1443 2243 2
1465 2210 1671 2251 interrebial

265 2272 423 2312 (IVumM.
437 2273 644 2304 Marcellus?
681 2272 806 2304 Videtur
839 2272 1028 2314 siynficaff,
1058 2272 1113 2313 qui
1136 2283 1167 2302 a.
1182 2270 1251 2302 183
1271 2269 1529 2311 comulfuerat.)
1545 2268 1548 2309 l
1563 2269 1673 2309 delpis

266 2334 285 2360 3
313 2336 443 2370 tempus
472 2330 650 2361 hostilibus
677 2337 769 2362 actas
795 2330 916 2362 animis
943 2339 1026 2370 quas
1058 2329 1220 2360 intestino
1251 2327 1322 2369 My.
1349 2326 1422 2358 Em.
1445 2325 1520 2358 511.
1571 2325 1626 2364 11,
1653 2330 1673 2356 4

267 2383 439 2439 utriusque
453 2399 537 2438 petit
562 2400 767 2429 abstinerent
792 2399 824 2429 in
851 2398 940 2430 bello
962 2398 967 2439 1
990 2403 1170 2438 praetorum
1221 2395 1275 2434 12,
1307 2399 1325 2426 2
1343 2395 1527 2436 corynthus
1553 2400 1590 2425 ut
1615 2394 1673 2424 ubi

268 2456 512 2487 -conuenitur
539 2455 669 2497 Kreyss.
696 2455 886 2497 (convenit)
911 2461 939 2486 et
963 2455 1035 2496 sssy.
1051 2453 1123 2485 Em.
1153 2452 1215 2484 ibd.
1241 2451 1438 2491 (Corinthus
1464 2451 1535 2491 ubi)
1551 2450 1671 2492 (Gryn.

266 2512 476 2544 Corinthum.
503 2518 539 2542 ut
566 2513 609 2543 ibi
639 2531 677 2535 -
697 2531 749 2550 —‚
777 2513 990 2552 convenitur)
1040 2511 1102 2548 Vl,
1129 2511 1159 2548 1,
1191 2515 1202 2541 l
1234 2510 1343 2551 delpis
1377 2515 1410 2541 et
1434 2508 1673 2540 aetolieoncilio

268 2574 271 2580 ’
301 2570 602 2612 peloponnensium
630 2569 718 2601 Fort.
747 2570 781 2601 in
806 2571 1077 2612 Peloponnesum
1096 2568 1235 2608 AEgium
1272 2571 1290 2598 2
1318 2567 1407 2598 aceis
1454 2566 1487 2604 2,
1513 2570 1532 2597 3
1559 2574 1672 2606 perse-

265 2627 388 2658 donum
437 2626 470 2665 3,
501 2630 513 2657 l
544 2636 609 2666 quo
633 2633 668 2657 ut
