1753 2934
609 148 682 180 Lib.
710 146 1103 180 CXXVI—CXXXIII.
1453 152 1502 186 75

154 282 274 308 terram
289 278 410 309 milites
425 278 458 308 in
473 288 597 318 magno
614 279 761 320 periculo
775 283 894 310 essent.
933 278 1054 311 Victus
1070 278 1189 308 deinde
1204 277 1384 319 Pompeius
1402 279 1434 308 in
1448 279 1558 310 Asiam

153 338 321 371 ezSieilia
336 339 496 380 profugit.
546 340 592 372 M.
615 340 772 381 Lepidus,
798 340 852 380 qui
880 349 920 369 cx
939 338 1056 370 Africa
1083 339 1176 369 velut
1200 339 1241 369 ad
1263 340 1457 374 societatem
1478 340 1558 371 belli

155 405 271 430 eontra
310 399 387 432 Sex.
422 400 619 441 Pompeium
657 411 677 430 a
707 399 840 431 Caesare
879 400 1013 439 gerendi
1057 400 1245 440 traiecerat,
1288 409 1388 439 quum
1427 401 1556 432 bellum

155 458 279 491 Caesari
311 470 444 501 quoque
477 460 631 500 inferret,
671 462 804 492 relictus
842 461 884 491 ab
919 461 1088 497 exercitu,
1131 461 1295 500 abrogato
1329 462 1554 493 triumviratus

154 520 281 552 honore
307 523 405 552 vitam
432 523 631 563 impetravit.
684 523 730 553 M.
750 524 903 563 Agrippa
929 522 1036 552 navali
1063 531 1188 554 corona
1214 533 1234 553 a
1254 522 1382 553 Caesarc
1409 523 1556 554 donatus

153 588 214 620 est,
240 582 295 623 qui
323 583 431 614 honos
458 584 540 615 nulli
568 590 645 614 ante
673 593 747 614 eum
775 584 909 614 habitus
935 589 1015 614 erat.

679 689 741 721 Ex
769 690 856 721 LIB.
884 688 1027 721 CXXX.

243 764 289 795 M.
316 766 486 797 Antonius
519 767 598 797 dum
635 776 708 797 eum
736 765 917 806 Cleopatra
951 763 1157 801 luxuriatur,
1199 763 1291 793 tarde
1325 764 1471 795 Mediam
1505 765 1555 795 in·

152 834 285 865 gressus
310 826 436 857 bellurn
470 837 542 857 curn
577 827 768 867 legionibus
794 826 895 857 XVII
925 832 959 857 et
984 815 1069 856 iffi
1095 825 1246 865 equitum
1273 824 1405 857 Parthis
1432 826 1554 864 intulit,

151 893 185 917 et
210 897 330 928 quum,
367 888 496 920 duabus
529 888 718 928 legionibus
744 887 891 923 arnissis,
925 887 1019 917 nulla
1049 896 1085 917 re
1110 895 1267 927 prospere
1301 887 1439 917 cedente
1465 893 1555 918 retro

152 949 291 986 rediret,
325 949 484 981 insecutis
517 950 658 981 subinde
692 949 845 986 Parthis,
878 955 911 978 et
946 949 1073 987 ingenti
1112 948 1333 988 trepidatione
1367 954 1398 977 et
1432 957 1555 987 magno

152 1010 254 1041 totius
281 1012 446 1042 exercitus
472 1012 620 1052 periculo
646 1012 678 1042 in
709 1010 902 1041 Armeniam
939 1018 1087 1040 reversus
1113 1015 1180 1046 est,
1211 1009 1296 1039 XXI
1320 1008 1439 1039 diebus
1466 1007 1556 1039 CCC

152 1071 258 1101 millia
292 1070 371 1111 suga
412 1082 577 1104 emensus.
638 1071 736 1104 Circa
771 1060 860 1102 VTsI
914 1071 1087 1101 hominum
1134 1071 1386 1111 tempestatibus
1432 1070 1554 1101 amisit.

151 1131 384 1173 Tempestates
411 1143 543 1174 quoque
570 1133 709 1165 infestas
731 1143 829 1174 super
855 1139 921 1163 tam
948 1131 1129 1162 infeliciter
1147 1140 1338 1173 susceptum
1359 1131 1554 1162 Parthicum

150 1192 278 1224 bellum
305 1195 404 1235 culpa
433 1205 493 1226 sua
519 1205 636 1236 passus
662 1202 724 1233 est,
758 1195 835 1235 quia
861 1194 1007 1224 hiemare
1033 1194 1066 1224 in
1092 1194 1256 1224 Armenia
1280 1193 1436 1231 nolebat,
1475 1194 1553 1224 dum

149 1255 192 1285 ad
219 1254 432 1297 Cleopatram
457 1256 604 1288 festinat.

669 1362 733 1394 EX
757 1362 844 1393 LIB.
874 1361 1035 1394 CXXXI.

241 1438 320 1471 Sex.
337 1438 518 1480 Pompeius
544 1448 644 1478 quum
671 1439 705 1469 in
732 1439 830 1469 fidem
848 1439 893 1471 M.
910 1439 1052 1470 Antonii
1072 1439 1210 1475 veniret,
1240 1437 1368 1468 bellum
1394 1438 1553 1470 adversus

147 1510 222 1532 eum
258 1501 293 1531 in
332 1501 413 1532 Asia.
448 1501 588 1531 moliens
626 1510 803 1541 oppressus
839 1510 858 1531 a
890 1500 1009 1540 legatis
1044 1501 1114 1531 eius
1150 1500 1282 1530 occisus
1313 1505 1374 1530 est.
1444 1499 1556 1531 Caesar

148 1562 348 1593 seditionem
373 1568 604 1592 veteranorum
635 1572 712 1593 cnm
741 1571 863 1601 magna
886 1561 1032 1603 pernicie
1059 1567 1183 1591 motam
1210 1560 1371 1597 inhibuit,
1407 1560 1553 1601 Iapydas

148 1628 181 1654 et
213 1623 392 1655 Dalmatas
427 1630 457 1654 et
489 1623 684 1654 Pannonios
717 1623 860 1663 subegit.
922 1622 1093 1653 Antonius
1131 1621 1343 1652 Artavasden
1378 1623 1553 1653 Armeniae

149 1694 262 1725 regem
294 1685 358 1715 fide
391 1685 470 1715 data
501 1685 698 1725 perductum
732 1685 765 1714 in
791 1684 923 1715 vincula
947 1683 1068 1715 coniici
1096 1683 1209 1719 iussit,
1248 1693 1455 1723 regnumque
1483 1684 1552 1714 Ar-

147 1747 265 1776 meniae
290 1745 358 1776 filio
384 1756 444 1777 suo
469 1755 511 1776 ex
531 1745 710 1786 Cleopatra
731 1751 810 1775 nato
833 1745 934 1782 dedit,
961 1755 1060 1786 quam
1089 1744 1201 1775 uxoris
1226 1744 1302 1776 loco
1329 1745 1395 1775 iam
1420 1745 1548 1786 pridem

148 1813 266 1848 captus
291 1817 406 1838 amore
431 1807 500 1838 eius
526 1806 650 1837 habere
677 1812 832 1848 coeperat.

654 1913 718 1944 EX
743 1912 831 1944 LIB.
859 1911 1036 1944 CXXXII.

241 1989 352 2021 Caesar
392 1990 426 2020 iu
460 1988 597 2030 Illyrico
636 1988 813 2020 Dalmatas
855 1989 994 2020 domuit.
1063 1987 1173 2026 Quum
1215 1987 1262 2019 M.
1298 1988 1469 2020 Antonius
1509 1989 1553 2020 ob

146 2061 296 2082 amorem
312 2050 510 2092 Cieopatrae,
537 2060 579 2081 ex
603 2060 669 2091 qua
687 2051 771 2080 duos
790 2050 875 2081 filios
894 2050 1049 2086 habebat,
1077 2049 1334 2090 Philadelphum
1356 2057 1388 2080 et
1401 2050 1554 2081 Alexan-

147 2111 261 2149 drum,
293 2121 403 2153 neque
428 2112 462 2142 in
488 2112 604 2143 urbem
630 2112 744 2142 venire
769 2112 869 2142 vellet
894 2121 1000 2152 neque
1028 2111 1122 2142 finito
1149 2111 1377 2142 triumviratus
1404 2118 1554 2152 tempore

145 2173 322 2214 imperium
348 2173 515 2214 deponere
541 2173 734 2214 bellumque
767 2172 956 2209 moliretur,
993 2173 1083 2212 quod
1109 2173 1182 2203 urbi
1209 2179 1242 2203 et
1267 2172 1373 2203 Italiae
1401 2172 1553 2211 inferret,

147 2235 338 2275 ingentibus
369 2240 436 2265 tam
469 2235 644 2266 navalibus
679 2244 779 2275 quam
812 2234 1028 2266 terrestribus
1067 2235 1174 2276 copiis
1207 2234 1250 2265 ob
1280 2235 1344 2265 hoc
1370 2235 1554 2266 contractis

147 2297 355 2337 remissoque
381 2296 529 2329 Octaviae
565 2297 671 2328 sorori
705 2295 846 2327 Caesaris
882 2297 1040 2337 repudio,
1085 2295 1202 2327 Caesar
1235 2296 1269 2326 in
1303 2295 1443 2337 Epirum
1478 2306 1552 2327 cum

147 2360 296 2390 exercitu
321 2359 458 2389 traiecit.
518 2358 647 2398 Pugnae
681 2359 800 2389 deinde
833 2358 971 2390 navales
1005 2364 1037 2389 et
1070 2358 1188 2399 proelia
1212 2358 1380 2399 equestria
1404 2359 1554 2389 secunda

147 2418 290 2452 Caesaris
314 2418 513 2451 reseruntur.
1089 2413 1095 2418 ’

644 2524 711 2556 EX
734 2525 824 2558 LIB.
851 2524 1049 2557 CXXXIII.

240 2602 289 2634 M.
315 2603 485 2635 Antonius
510 2603 553 2634 ad
577 2602 717 2634 Aetium
749 2602 856 2633 classe
881 2602 988 2633 victus
1018 2602 1261 2633 Alexandriam
1288 2599 1455 2642 profugit,
1491 2602 1551 2633 ob-

147 2672 326 2705 sessusque
357 2674 377 2696 a
402 2663 554 2703 Caesare,
590 2664 627 2695 in
660 2663 780 2695 ultima
805 2663 1039 2705 desperatione
1070 2673 1201 2702 rerum,
1237 2663 1407 2705 praeeipue
1433 2663 1553 2694 occisae
