1796 2929
501 143 600 173 Liber
624 142 752 173 XLIV.
804 144 861 180 (Α.
892 141 970 173 Chr.
1004 141 1095 180 168.)
1378 142 1450 176 185

101 262 286 308 temptati,
317 263 552 300 obsidionem
586 263 664 310 pati
695 275 809 310 quam
841 263 979 298 dedere
1008 275 1092 299 sese
1124 262 1348 298 maluerunt.
1390 260 1511 298 Cara·
1543 266 1565 297 ⁴.)

101 331 272 367 vantium
320 332 356 367 in
398 331 529 369 Caviis
567 333 757 369 Durnium
804 333 984 380 oppidum
1035 332 1298 367 advenientem
1350 331 1511 379 benigne

100 401 263 447 accepit3
296 399 547 445 Caravandis,
579 402 700 438 altera
728 402 829 444 urbs,
857 400 1029 445 exclusit,
1053 409 1101 444 et,
1127 413 1205 437 cum
1236 413 1349 448 agros
1381 413 1511 436 eorum

99 469 218 506 effuse
248 478 429 515 vastaret,
461 471 607 518 aliquot
635 471 753 519 palati
786 471 923 507 milites
950 472 1156 519 agrestium
1188 482 1374 506 concursu
1398 471 1511 506 inter-

98 539 186 576 fecti
215 547 313 576 sunt.
363 541 446 576 Iam
475 548 512 576 et
534 543 611 589 Ap.
634 539 829 583 Claudius,
860 540 1071 588 adsumptis
1102 540 1151 575 ad
1182 552 1265 575 eum
1290 540 1509 582 exercitum,

99 621 209 656 quem
244 610 423 654 habebat,
457 611 694 646 Bullinorum
725 618 762 646 et
785 609 1090 658 Apolloniatium
1122 616 1158 644 et
1181 609 1510 657 Dyrrachinorum

99 679 272 724 auxiliis,
311 679 505 728 profectus
536 693 583 716 ex
614 680 801 717 hibernis.
837 680 937 715 eirca
971 679 1170 716 Genusum
1203 690 1353 713 amnem
1385 687 1510 714 castra

97 749 276 794 habebat,
307 751 437 786 audito
467 750 611 787 foedere
642 750 740 785 inter
772 751 916 786 Persea
948 757 984 785 et
1015 749 1198 784 (lentium
1231 756 1265 783 ct
1297 747 1510 795 legatorum

96 818 326 855 violatorum
359 820 496 856 iniuria
527 832 728 864 accensus,
760 819 898 855 bellum
932 820 1035 855 haud
1067 819 1180 855 dubie
1211 818 1394 853 adversus
1426 830 1509 853 eum

95 895 284 936 gesturus.
360 890 522 926 Anicius
562 898 720 938 praetor,
781 902 826 924 eo
875 896 1047 937 tempore
1098 888 1316 936 Apolloniae
1359 888 1510 924 auditis.

97 970 180 1006 quae
209 958 246 994 in
277 958 431 1007 Illyrico
462 966 703 1007 gererentur,
740 958 1022 1006 praemissisque
1067 958 1115 994 ad
1152 957 1322 1005 Appium
1364 957 1510 1001 litteris,

95 1034 136 1063 ut·
158 1040 199 1064 se
231 1029 279 1064 ad
311 1027 509 1065 Genusum
541 1028 803 1076 opperiretur,
834 1029 959 1064 triduo
991 1035 1027 1063 et
1054 1029 1135 1075 ipse
1165 1027 1203 1062 in
1234 1033 1361 1062 castra
1396 1028 1510 1072 venit,

96 1105 132 1133 et
162 1099 211 1133 ad
242 1111 306 1143 ea,
350 1111 433 1146 quae
462 1098 642 1142 habebat,
677 1097 821 1133 auxilia
851 1110 868 1133 e
898 1098 1172 1133 Parthinorum
1211 1097 1406 1132 iuventute
1444 1097 1511 1132 ad-

95 1169 222 1204 iunctis
253 1168 400 1204 duobus
429 1168 578 1204 milibus
609 1167 776 1215 peditum
805 1174 841 1203 et
871 1167 1060 1214 equitibus
1100 1165 1272 1201 ducentis
1303 1166 1510 1213 (peditibus

95 1237 302 1286 Epicadus,
334 1237 524 1285 equitibus
547 1237 730 1285 Algalsus
752 1238 929 1285 praeerat)
962 1237 1126 1284 parabat
1157 1236 1295 1271 ducere
1324 1236 1361 1270 in
1384 1236 1510 1284 Illyri·

94 1320 192 1351 cum,
223 1308 389 1343 maxime
420 1315 461 1343 ut
492 1308 718 1343 Bassanitas
748 1307 915 1343 solveret
949 1306 1159 1342 obsidione.
1219 1306 1361 1341 Tenuit
1392 1306 1511 1354 impe-

94 1384 173 1412 tum
197 1377 276 1412 eius
297 1376 404 1413 fama
424 1377 637 1413 lemborum
665 1377 897 1412 vastantium
920 1376 1151 1412 maritimam
1174 1387 1294 1412 oram.
1348 1375 1510 1411 LXXX

94 1453 203 1482 erant
246 1445 381 1491 lembi,
427 1454 582 1482 auctore
621 1447 848 1482 Pantaucho
886 1446 992 1482 missi
1033 1459 1057 1482 a
1095 1445 1237 1482 Gentio
1285 1445 1333 1481 ad
1364 1446 1511 1493 Dyrra-

94 1516 291 1552 chinorum
323 1524 359 1552 et
379 1516 684 1563 Apolloniatium
718 1527 831 1564 agros
853 1515 1109 1564 populandos.
1170 1516 1271 1551 Tum
1307 1515 1440 1551 classis
1462 1515 1511 1550 ad

93 1702 131 1729 to
163 1706 221 1737 eo,
252 1692 490 1728 tradiderunt
519 1705 571 1729 se.

202 1763 394 1810 Deinceps
426 1769 463 1798 et
496 1763 608 1799 urbes
629 1763 795 1810 regionis
826 1762 905 1798 eius
933 1763 1034 1798 idem
1065 1762 1271 1807 faciebant,
1303 1763 1509 1799 adiuvante

91 1831 376 1868 inclinationem
407 1831 622 1868 animorum
653 1832 855 1869 clementia
884 1834 919 1868 in
951 1844 1083 1868 omnes
1105 1839 1141 1868 et
1162 1833 1306 1869 iustitia
1337 1834 1510 1881 praetoris

91 2008 126 2045 9,
145 2012 158 2039 1
176 2009 427 2041 scarauantium
455 2014 473 2040 2
494 2011 586 2042 cauis
625 2015 644 2042 3
664 2011 762 2053 Gryn.
782 2011 977 2043 Caravantis
990 2015 992 2019 ’
1006 2002 1137 2043 alteroa
1153 2013 1156 2052 ’ς
1175 2018 1207 2042 et
1221 2022 1319 2051 agros
1356 2016 1374 2041 4
1396 2011 1510 2043 effusae

96 2089 97 2100 ,
115 2066 252 2106 aliquod
266 2067 268 2107 ᾖ
282 2068 458 2098 concursui
473 2067 659 2100 intersectis
686 2069 741 2106 10,
758 2073 776 2099 2
793 2078 892 2108 quam
907 2069 910 2109 l
923 2070 1151 2100 bullaniorum
1166 2069 1275 2100 Drals.
1291 2068 1408 2111 (Gryn.
1426 2070 1509 2100 Bul-

91 2123 271 2164 banorum)
288 2129 290 2163 g
305 2124 567 2156 durracenorum
609 2130 628 2157 3
643 2136 872 2166 genuussuum
890 2126 1050 2158 Turnebus
1063 2126 1182 2168 (Gryn.
1195 2125 1410 2165 Genusuum)
1452 2127 1507 2164 11,

95 2184 240 2221 lpresea
275 2182 415 2212 2dubiae
446 2181 803 2224 12,2praemissusque
837 2184 1254 2224 3genusuumoperimtu1·
1281 2184 1506 2220 13,1auxilia

89 2238 300 2278 partium-um
327 2239 466 2270 iuuenta
492 2241 623 2272 duobus
650 2241 723 2282 le.
742 2240 814 2272 Em.
830 2227 906 2272 562
923 2252 952 2273 n.
983 2241 1105 2283 (Gr-yn.
1125 2242 1262 2278 auxilia,
1288 2241 1508 2272 Pal-tinorum

90 2295 270 2326 iuventutis
299 2296 431 2327 duobus
460 2315 492 2319 -
527 2305 678 2338 praecrat.
706 2298 873 2334 Parabat)
935 2303 954 2329 3
983 2299 1134 2340 equitum
1185 2304 1205 2329 4
1231 2299 1402 2330 bassantis
1435 2298 1506 2329 Du-

91 2352 150 2383 bito
177 2351 215 2383 de
242 2353 372 2383 nominis
385 2355 510 2394 forma.
562 2355 617 2393 14,
644 2359 656 2386 l
686 2357 813 2397 impetu
867 2360 885 2386 2
913 2366 1009 2386 orum
1055 2360 1074 2386 3
1095 2363 1258 2395 partaueo
1280 2357 1286 2395 Ι
1309 2356 1507 2396 dyrracino-

90 2419 162 2440 rum
216 2409 278 2446 15,
316 2414 328 2440 l
368 2412 409 2441 ad
442 2410 483 2442 In
507 2411 569 2443 hac
599 2424 672 2444 voce
706 2412 819 2443 desinit
831 2412 962 2453 folium.
990 2419 1024 2443 ut
1047 2423 1127 2443 1111116
1151 2418 1206 2451 est,
1232 2412 1304 2444 130
1329 2413 1464 2450 codicis3
1485 2425 1507 2444 a

86 2467 240 2507 pro-‘vimis
273 2467 382 2508 incipit
401 2469 521 2509 solium
548 2470 622 2501 131.
682 2469 851 2501 Intercidit
871 2469 990 2510 solium
1019 2470 1153 2510 primum
1188 2471 1402 2511 quaternionis
1435 2470 1506 2501 olim

92 2522 219 2562 XXV,
246 2524 276 2555 in
301 2535 362 2565 quo
386 2526 506 2566 scripta
531 2533 601 2557 erat
624 2528 768 2558 narratio
794 2526 959 2558 lemborum
983 2528 1023 2557 ab
1043 2526 1156 2559 Anicio
1178 2527 1326 2559 victorum
1352 2534 1381 2559 et
1404 2538 1506 2559 rerum

90 2586 175 2611 terra
205 2581 276 2622 yeri
311 2588 479 2622 coeptarum
518 2584 674 2625 (Appiam.
708 2583 799 2625 Illyr.
839 2595 865 2615 c.
902 2583 940 2623 9)
950 2596 961 2621 ;
1011 2583 1136 2615 videtur
1157 2585 1275 2625 flu'sse:
1314 2591 1427 2616 amoto
1464 2595 1506 2616 eo

90 2637 251 2678 (Gentio).
302 2638 433 2678 XXXI,
462 2641 493 2679 1,
521 2645 539 2671 2
566 2642 785 2672 inclinatione
807 2642 814 2680 Ι
836 2641 1016 2672 clementia
1045 2642 1153 2673 omnis

1550 544 1594 575 14)

1550 755 1557 785 l
1579 754 1587 785 l

1549 891 1591 925 12

1551 1099 1592 1129 13

1548 1307 1590 1340 14

1548 1514 1591 1546 li)

1568 1753 1616 1798 31
