1796 2929
204 1720 250 1755 10

343 142 416 176 176
690 138 792 168 Liber
817 138 943 169 XLIV.
996 139 1053 178 (A.
1082 149 1113 170 u.
1143 149 1170 171 c.
1201 139 1294 179 586.)

283 259 411 307 pulum
445 260 660 295 Romanum
693 259 850 308 adgredi
882 268 937 304 et.
978 263 1081 310 quod
1112 263 1302 310 indignius
1333 263 1398 307 sit,
1440 272 1571 309 regum
1603 261 1692 297 viri-

283 329 353 364 bus
383 339 491 375 reges
523 340 759 376 oppugnare.
830 331 963 367 Attalo
996 332 1170 368 adiutore
1215 339 1361 380 patrem
1394 345 1502 369 sunm
1535 342 1692 379 oppres-

282 409 384 439 sum:
415 397 586 433 Eumene
617 398 823 435 adiuvante
863 408 898 436 et
935 401 1099 448 quadam
1137 414 1183 438 ex
1215 410 1323 450 parte
1354 402 1467 438 etiam
1499 400 1693 448 Philippo,

282 473 391 514 patre
424 479 506 510 suo,
541 467 774 504 Antiochum
808 480 1082 518 oppugnatum.
1154 472 1198 508 In
1229 483 1269 507 se
1298 484 1396 508 nune
1427 477 1463 508 et
1496 471 1694 507 Eumenen

283 542 319 569 et
351 535 527 571 Prusiam
560 544 730 574 armatos
770 551 863 575 esse.
939 540 979 577 Si
1020 541 1256 578 Macedoniae
1300 554 1457 589 regnum
1503 540 1692 576 sublatum

282 602 393 645 foret„
424 616 652 652 proxumam
686 608 822 644 Asiam
854 621 948 645 esse.
982 621 1096 657 quam
1132 611 1206 646 iam
1239 623 1285 646 ex
1316 619 1437 658 parte,
1468 611 1538 646 sub
1569 609 1694 658 speeie

282 672 468 709 liberandi
500 674 695 720 civitates,
725 688 832 713 suam
865 677 1042 721 feeerint3
1083 679 1217 714 deinde
1248 678 1413 728 Syriam.
1481 680 1564 716 Iam
1595 680 1694 715 Pru-

281 743 376 778 siam
409 743 570 780 Eumeni
599 746 744 782 honore
775 746 970 794 praeferri,
1010 748 1085 784 iam
1120 748 1351 784 Antiochum
1383 749 1566 785 victorem
1598 762 1694 797 prae—

282 812 357 847 mio
389 813 475 848 belli
507 814 683 862 AEgypto
715 816 848 852 arceri.
907 817 1001 852 Haec
1031 818 1261 865 cogitantem
1294 818 1496 866 providere
1526 818 1694 857 iubebat.

283 889 319 917 ut
354 889 417 918 aut
462 883 509 918 ad
552 896 685 931 pacem
724 897 851 922 secum
883 886 1097 923 faciendam
1138 888 1370 936 conpelleret
1402 889 1598 924 Romanos
1630 894 1694 924 aut

281 960 572 999 perseverantes
605 954 640 989 in
672 954 771 990 bello
800 955 939 992 iniusto
979 969 1200 993 communes
1241 958 1395 993 duceret
1436 957 1603 993 omnium
1636 970 1694 994 re-

280 1032 369 1068 gum
402 1021 542 1057 hostes.
623 1023 687 1060 Ad
722 1025 954 1061 Antiochum
987 1034 1120 1074 aperta
1152 1027 1334 1062 mandata
1366 1034 1493 1070 erant;
1537 1027 1586 1063 ad
1616 1027 1694 1064 Eu-

282 1103 415 1127 menen
449 1104 516 1139 per
545 1094 709 1141 speciem
748 1095 987 1143 captivorum
1030 1096 1337 1132 redimendorum
1379 1097 1516 1133 missus
1546 1096 1694 1145 legatus

282 1169 385 1203 erat&
416 1174 454 1197 re
483 1174 574 1198 vera
606 1164 815 1201 occultiora.
847 1166 1020 1212 quaedam
1055 1166 1278 1213 agebantur.
1313 1178 1396 1214 quae
1426 1166 1462 1202 in
1494 1166 1694 1214 praesentia

280 1230 442 1266 invisum
485 1232 636 1279 quidem
677 1240 714 1269 et
754 1244 970 1283 suspectum
1003 1236 1188 1271 Romanis
1221 1236 1417 1272 Eumenen
1460 1235 1566 1272 falsis
1607 1248 1695 1285 gra-

282 1301 453 1336 vioribus
473 1303 547 1337 **.
613 1303 796 1340 Proditor
826 1305 923 1340 enim
957 1316 1001 1340 ae
1029 1317 1148 1352 prope
1178 1305 1297 1340 hostis
1329 1306 1481 1341 habitus
1512 1312 1575 1351 est,
1605 1306 1693 1342 dum

282 1369 379 1406 inter
411 1383 452 1407 se
481 1371 556 1407 duo
587 1384 696 1420 reges
727 1380 925 1421 captantes
954 1373 1090 1410 fraude
1120 1381 1155 1409 et
1178 1374 1342 1410 avaritia
1363 1380 1520 1412 certant.
1567 1374 1695 1424 Cydas

283 1448 366 1476 erat
397 1440 589 1477 Cretensis
617 1454 663 1478 ex
698 1442 838 1479 intimis
869 1443 1070 1488 Eumenis;
1120 1443 1180 1479 hic
1216 1443 1320 1492 prius
1352 1444 1400 1480 ad
1431 1445 1694 1493 Amphipolim

283 1522 367 1546 cum
400 1509 584 1546 Chimaro
630 1513 797 1560 quodam
837 1514 1014 1562 populari
1059 1526 1151 1559 sno,
1192 1514 1377 1549 militante
1415 1522 1509 1562 aput
1538 1515 1695 1559 Persea,

282 1579 370 1615 inde
413 1589 548 1628 postea
579 1582 627 1617 ad
659 1582 968 1627 Demetriadem,
999 1583 1116 1619 semel
1147 1596 1230 1619 euni
1263 1584 1484 1620 Menecrate
1515 1583 1695 1631 quodam,

282 1649 418 1684 iterum
458 1662 540 1685 cum
575 1651 827 1695 Antimacho.
880 1653 994 1699 regiis
1033 1652 1213 1697 ducibus,
1259 1653 1328 1688 sub
1373 1652 1466 1700 ipsis
1509 1653 1695 1690 moenibus

284 1719 387 1754 urbis
423 1719 645 1756 conlocutus
676 1722 813 1758 fuerat.
882 1722 1094 1770 Herophon
1127 1735 1301 1770 quoque.
1346 1722 1409 1769 qui
1449 1729 1526 1758 tum
1558 1723 1695 1759 missus

283 1796 358 1834 est,
392 1789 540 1825 duabus
571 1790 619 1825 ad
651 1791 810 1827 eundem
844 1792 1043 1828 Eumenen
1074 1793 1148 1828 iam
1182 1791 1268 1828 aute
1301 1791 1557 1840 legationibus
1587 1791 1694 1829 sune-

283 2004 301 2030 3
331 2010 398 2040 quo
430 2000 588 2039 indignus
649 1999 681 2035 3,
709 2002 727 2029 2
755 2000 925 2030 antiocum
988 2003 1006 2031 3
1035 2001 1172 2041 prysian
1237 2000 1268 2037 4,
1296 2005 1314 2031 2
1342 2000 1413 2032 sore
1475 2005 1494 2033 3
1521 2001 1696 2033 liberanda

283 2058 429 2088 ciuitatis
465 2056 536 2097 My.
571 2056 644 2088 Em.
679 2056 754 2088 572
791 2056 907 2099 (Gr-yn.
944 2057 1191 2088 liberandarum
1235 2058 1422 2099 civitatum)
1482 2058 1522 2099 5,
1565 2062 1578 2090 1
1619 2069 1695 2100 pry-

281 2116 365 2147 siam
418 2119 436 2146 2
463 2121 530 2146 tam
556 2115 753 2146 anthiocum
818 2118 836 2145 3
864 2115 943 2146 belli
971 2115 1138 2156 abegypto
1169 2115 1280 2154 Gron.,
1308 2115 1380 2147 Em.
1409 2115 1484 2147 572
1509 2127 1537 2148 η.
1575 2115 1693 2158 (Gr-yn.

282 2184 360 2215 belli
388 2185 430 2214 ab
458 2184 624 2224 AEssypto]
691 2183 721 2219 7,
751 2187 762 2215 l
793 2185 963 2216 antiocum
994 2182 998 2223 l
1027 2172 1254 2215 adscumenen
1303 2188 1322 2215 3
1357 2189 1429 2215 erat
1462 2194 1542 2216 uera
1570 2184 1694 2223 Whitte‚

282 2247 382 2272 rector
423 2240 681 2279 Randrusiensis,
727 2241 831 2273 Koch.
873 2242 994 2284 (Gryn.
1034 2242 1168 2281 verum)
1237 2246 1257 2272 4
1291 2242 1506 2282 grauioribus
1543 2242 1697 2283 proditor

283 2298 397 2329 szz'us
429 2300 474 2329 sic
508 2299 670 2340 scripsisse
711 2298 851 2330 videtur:
894 2300 1036 2330 invisum
1076 2300 1205 2340 pridem
1243 2305 1275 2330 et
1312 2306 1501 2341 suspectum
1531 2299 1694 2331 Romanis

281 2356 457 2388 Eumenen
498 2356 592 2388 salsis
629 2357 905 2398 gravioribusque
939 2357 1134 2388 criminibus
1168 2363 1360 2388 onerarunt.
1416 2355 1515 2399 (ἲν-ιρι.
1541 2355 1694 2388 stellulam

282 2414 438 2454 apposuit.
504 2414 536 2451 8,
568 2418 578 2444 1
611 2414 746 2446 habitus
772 2415 849 2445 (lum
879 2415 950 2456 My.
1017 2414 1049 2451 9,
1082 2418 1091 2445 1
1125 2415 1224 2455 eydos
1271 2418 1289 2445 2
1316 2414 1512 2455 ampipolim
1571 2417 1588 2444 5
1621 2423 1694 2444 eum

282 2472 442 2503 anthioco
472 2470 569 2503 Gron.
605 2483 619 2502 e
657 2483 728 2512 cap.
756 2472 817 2510 13,
845 2471 867 2502 9
903 2471 1029 2514 (Polyb.
1060 2471 1210 2508 XXIX,
1242 2471 1262 2502 1
1287 2472 1330 2509 c.)
1375 2470 1492 2513 (Gr-yn.
1519 2481 1595 2502 cum
1625 2473 1693 2501 An-

282 2529 411 2567 tiocho)
441 2528 443 2566 l
473 2530 606 2566 regibus
633 2530 775 2561 (lucibus
822 2530 876 2567 10,
910 2533 922 2560 1
954 2539 1078 2570 eropon
1107 2528 1237 2570 Kreyss.
1285 2528 1352 2570 (ξίν.
1380 2539 1406 2560 c.
1424 2527 1484 2567 27,
1502 2527 1555 2566 13,
1582 2539 1607 2559 c.
1637 2527 1693 2565 28,

281 2587 311 2629 1,
338 2586 450 2629 Polyb.
479 2586 628 2624 ΧᾸἼΧ,
654 2587 674 2617 1
695 2598 721 2618 c.
