1753 2934
599 162 672 194 Lib.
700 161 992 193 XXXVII—XL.
1393 162 1440 196 37

99 297 276 328 concessit.
328 296 507 331 Incertum,
546 294 590 324 ibi
617 303 658 323 an
687 293 800 324 Romae
835 291 1009 322 defunctus
1042 273 1100 329 sit‘3
1140 301 1215 322 nani
1251 297 1500 321 mouumentum

101 358 171 388 eius
197 358 372 397 utrobique
397 355 468 386 suit.
520 355 555 385 L.
574 354 686 394 Scipio
697 354 878 391 Asiaticus,
902 352 1004 385 frater
1023 352 1188 388 Africani,
1216 352 1332 382 eodem
1361 351 1499 382 crimine

99 418 272 460 peculatus
299 424 476 448 accusatus
510 417 755 455 damnatusque
789 425 888 455 quum
923 415 954 444 in
988 414 1121 444 vincula
1146 419 1178 443 ct
1204 422 1368 443 carcerem
1397 414 1499 443 duce-

100 485 199 517 retur,
229 479 279 510 Ti.
307 478 522 519 Sempronius
549 477 723 509 Gracchus
749 483 786 506 tr.
814 476 870 516 pl.‚
898 476 952 515 qui
980 483 1078 506 antea
1105 475 1318 515 Scipionibus
1346 475 1499 505 inimicus

98 546 179 577 erat,
204 540 399 577 intercessit,
427 546 460 571 ct
485 540 527 570 ob
555 540 585 569 id
603 538 798 569 beneficium
816 537 970 568 Africani
990 537 1091 567 tiliam
1115 537 1220 566 duxit.
1272 536 1383 572 Quum
1411 544 1499 574 quae·

99 609 204 633 stores
230 602 261 631 in
288 602 377 632 bona
403 601 473 632 cius
499 601 631 641 publice
657 600 858 639 possidenda
883 599 972 630 missi
1001 605 1129 636 essent,
1169 606 1236 628 non
1262 597 1363 627 modo
1389 597 1422 626 in
1448 596 1499 627 his

98 661 202 692 ullum
229 662 401 700 vestigium
426 662 574 703 pecuniae
602 661 702 700 regia}
729 661 901 702 apparuit,
936 660 993 690 sed
1020 669 1232 699 nequaquam
1268 666 1396 688 tantum
1425 659 1500 689 red·

99 730 222 760 actum,
257 731 389 763 quantae
415 732 553 754 summae
581 729 651 753 erat
676 723 866 752 damnatus.
912 720 1081 752 Collatam
1106 731 1126 751 a
1146 721 1300 760 cognatis
1327 727 1358 750 et
1384 719 1498 750 amicis

98 785 373 815 innumerabilem
406 785 580 825 pecuniam
615 783 764 823 accipere
798 783 921 820 nolui13
956 792 1029 823 quae
1055 783 1241 814 necessaria
1267 783 1295 812 ei
1327 788 1422 812 erant
1458 783 1498 812 ad

97 846 234 882 cultum,
262 846 443 886 redempta.

610 950 674 981 EX
699 950 786 981 LIB.
812 949 977 981 XXXIX.

190 1027 237 1057 M.
263 1026 422 1057 AEmilius
448 1037 526 1063 cos.,
565 1027 745 1067 Liguribus
772 1028 929 1067 subactis,
967 1027 1052 1057 viam
1079 1026 1255 1057 Placentia.
1288 1007 1393 1066 ngque
1424 1027 1501 1057 Ari-

97 1091 222 1120 minum
245 1090 440 1129 perductam
456 1087 762 1118 Flaminiaeiunxit.
814 1087 916 1118 Initia
942 1089 1082 1118 luxuriae
1107 1088 1140 1118 in
1166 1089 1281 1119 urbem
1310 1089 1500 1119 introducta

97 1151 139 1182 ab
163 1151 313 1182 exercitu
335 1149 486 1180 Asiatico
512 1148 710 1180 referuntur.
759 1150 910 1189 Ligures,
939 1151 1130 1189 quicunque
1156 1151 1238 1181 citra
1257 1151 1498 1191 Appenninum

95 1218 200 1253 erant,
227 1211 357 1242 subacti
383 1216 469 1241 sunt.
522 1210 760 1248 Bacchanalia,
789 1221 920 1241 sacrum
948 1211 1104 1242 Graecum
1131 1218 1162 1242 et
1186 1220 1400 1250 nocturnum,
1427 1222 1499 1243 om-

96 1273 187 1303 niurn
223 1273 383 1304 scelerum
421 1272 653 1309 seminarium,
696 1282 796 1312 quum
832 1273 874 1302 ad
913 1273 1058 1312 ingentis
1090 1273 1195 1304 turbae
1233 1274 1498 1305 coniurationem

94 1334 310 1375 pervenisset,
336 1333 570 1372 investigatum
593 1341 623 1363 ct
640 1334 820 1364 multorum
839 1344 937 1374 poena
956 1334 1125 1365 sublatum
1142 1342 1202 1365 est.
1250 1337 1283 1366 A
1303 1335 1498 1366 censoribus

95 1396 133 1426 L.
162 1395 300 1425 Valerio
335 1394 458 1425 Flacco
498 1402 530 1425 et
562 1395 608 1425 M.
642 1394 765 1425 Porcio
802 1394 942 1433 Catone,
989 1402 1021 1426 et
1057 1396 1137 1427 belli
1175 1402 1207 1427 et
1243 1397 1336 1437 pacis
1371 1396 1499 1427 artibus

95 1456 257 1493 inaximo,
285 1464 394 1486 motus
422 1463 469 1487 est
497 1462 612 1486 senatu
630 1456 665 1486 L.
686 1454 862 1493 Quinctius
878 1457 1100 1495 Flamininus,
1132 1457 1168 1488 T.
1189 1457 1304 1498 frater,
1331 1467 1370 1489 eo
1397 1458 1498 1496 quod,

97 1527 198 1558 quum
227 1518 368 1549 Galliam
395 1519 597 1558 provinciam
623 1518 740 1548 consul
767 1518 948 1556 obtineret,
983 1526 1120 1560 rogatus
1155 1529 1175 1550 a
1199 1519 1306 1550 Poeno
1331 1518 1500 1558 Philippo,

97 1589 194 1620 quem
219 1580 367 1617 amabat,
395 1586 503 1610 scorto
524 1580 640 1617 nobili,
669 1578 802 1610 Gallum
829 1581 994 1619 quendam
1022 1591 1081 1611 sua
1107 1590 1207 1610 manu
1233 1580 1402 1611 occiderat
1422 1580 1500 1617 sive,

98 1649 133 1671 ut
159 1642 295 1682 quidam
321 1641 545 1679 tradiderunt,
575 1651 677 1671 unum
710 1651 751 1671 ex
784 1642 951 1673 damnatis
982 1643 1088 1673 securi
1121 1648 1330 1682 percusserat
1363 1648 1500 1681 rogatus

96 1712 116 1732 a
141 1703 314 1733 meretrice
339 1702 549 1739 Placentina,
588 1703 682 1733 cuius
709 1712 822 1734 amore
850 1704 1033 1744 deperibat.
1082 1703 1205 1734 Exstat
1230 1705 1336 1734 oratio
1362 1703 1409 1734 M.
1439 1703 1501 1734 Ca-

96 1764 184 1795 tonis
210 1765 243 1794 in
273 1774 357 1795 eum.
417 1764 530 1805 Scipio
557 1764 686 1795 Literni
719 1765 859 1796 decessit
890 1772 938 1803 et,
978 1771 1139 1805 tanquam
1172 1765 1332 1804 iungentc
1367 1763 1502 1796 fortuna

96 1827 187 1857 circa
211 1826 301 1856 idem
327 1831 458 1866 tempus
485 1827 551 1856 duo
578 1826 695 1856 funera
721 1827 944 1857 maximorum
970 1828 1130 1865 virorum,
1156 1826 1328 1858 Hannibal
1345 1836 1365 1856 a
1381 1826 1501 1857 Prusia

97 1886 264 1927 Bithyniae
289 1895 384 1925 rege,
419 1887 460 1917 ad
487 1897 584 1927 quem
622 1888 709 1919 victo
736 1876 908 1919 Antiocho
935 1888 1150 1928 confugerat,
1189 1898 1291 1928 quum
1325 1888 1502 1918 dederetur

95 1949 268 1986 Romanis,
295 1949 349 1990 qui
375 1949 416 1978 ad
443 1949 692 1989 exposcendum
719 1959 793 1979 enm
820 1948 1067 1987 T.Quinctium
1080 1949 1306 1981 Flamininum
1331 1950 1501 1988 miserant,

95 2019 228 2041 veneno
262 2010 324 2041 sibi
351 2017 493 2041 mortem
520 2011 692 2041 conscivit.
741 2011 975 2051 Philopoemen
1002 2021 1152 2052 quoque,
1191 2013 1261 2042 dux
1285 2011 1500 2049 Achaeorum,

96 2073 148 2102 vir
171 2072 352 2108 maximus,
391 2082 410 2103 a
434 2072 614 2103 Messeniis
650 2073 782 2109 occisus
814 2082 962 2103 veneno.
999 2081 1101 2112 quum
1127 2072 1168 2103 ab
1195 2072 1243 2102 eis
1269 2072 1359 2103 bello
1385 2078 1502 2114 captus

97 2139 195 2164 esset.
246 2131 397 2164 Coloniae
429 2133 588 2165 Potentia
621 2140 653 2164 et
682 2134 861 2165 Pisaurum
897 2137 930 2164 et
963 2133 1095 2164 Mutina
1132 2140 1165 2164 et
1192 2133 1315 2165 Parma
1350 2135 1502 2165 deductae

98 2200 186 2225 sunt.
241 2194 408 2226 Praeterea
435 2205 486 2226 res
511 2197 668 2226 adversus
697 2195 882 2227 Celtiberos
907 2205 1065 2236 prospere
1098 2202 1211 2235 gestas
1244 2203 1278 2227 et
1302 2197 1398 2227 initia
1423 2206 1502 2234 cau·

98 2265 219 2296 sasque
267 2256 346 2287 belli
391 2257 604 2288 Macedonici
649 2257 815 2295 continct3
861 2258 954 2288 cuius
998 2258 1093 2298 origo
1133 2257 1211 2288 inde
1252 2257 1368 2296 fluxit,
1413 2259 1503 2297 quod

97 2317 274 2359 Philippus
309 2327 396 2358 aegre
429 2319 558 2350 serebat
589 2328 728 2358 regnum
763 2329 859 2350 suum
896 2329 916 2350 a
940 2320 1102 2351 Romanis
1134 2319 1307 2357 imminui,
1347 2326 1379 2350 et
1413 2321 1501 2360 quod

99 2386 276 2419 cogeretur
300 2389 319 2410 a
347 2380 533 2412 Thracibus
558 2381 697 2420 aliisque
723 2381 806 2411 locis
833 2381 992 2422 praesidia
1018 2382 1195 2412 deducere.

663 2481 726 2519 EX
752 2487 839 2518 LIB.
865 2487 939 2519 XL.

191 2562 303 2602 Quum
329 2563 505 2605 Philippus
531 2564 654 2596 liberos
681 2574 806 2603 eorum,
842 2575 925 2605 quos
950 2565 985 2595 in
1010 2565 1152 2596 vinculis
1177 2565 1336 2603 habebat,
1363 2564 1504 2596 nobilis-

98 2624 258 2656 simorum
283 2625 456 2656 hominum
483 2627 633 2665 conquiri
659 2627 702 2657 ad
727 2632 867 2657 mortem
894 2626 1057 2664 iussisset,
1085 2626 1282 2664 Theoxena,
1313 2627 1419 2657 vei-ita
1442 2635 1503 2667 pro

98 2685 212 2717 liberis
237 2686 304 2718 suis
331 2687 513 2718 admodum
538 2688 649 2728 pueris
677 2689 765 2727 regis
792 2687 978 2729 libidinem,
1004 2687 1143 2728 prolatis
1161 2688 1195 2718 in
1213 2688 1360 2719 medium
1382 2687 1503 2728 gladiis
