1742 2902
169 811 214 845 10

167 950 208 985 11

169 1296 215 1332 12

171 1436 216 1472 13

171 1639 216 1674 14

302 131 352 165 20
672 127 774 158 Liber
797 126 890 158 XLI.
942 127 1002 166 (A.
1031 137 1062 158 u.
1091 137 1118 157 c.
1147 127 1243 164 578.)

246 249 389 297 copiis,
420 250 641 296 priusquam
671 249 1004 297 congrederentur,
1035 249 1288 286 communiter
1321 249 1435 284 ambo
1468 248 1659 284 exercitus

245 318 515 354 lustraverunt.
595 319 695 354 Tum
741 319 884 363 sortiti,
931 319 1020 367 quia
1058 332 1134 355 non
1181 319 1229 354 ab
1275 318 1407 354 eadem
1456 324 1659 364 utrumque

245 377 355 436 parte
386 387 542 435 adgredi
572 388 718 424 hostem
752 389 953 437 placebat,
983 389 1170 437 regioneS,
1201 399 1297 435 quas
1327 393 1511 436 peterent.
1576 387 1658 423 Va-

246 457 378 493 lerium
411 456 609 504 auspicato
634 458 809 493 sortitum
841 459 1069 503 constabat,
1113 458 1215 506 quod
1254 458 1291 494 in
1333 457 1474 505 templo
1504 455 1659 500 fuisset;

245 525 283 561 in
315 526 455 562 Petilio
486 526 524 562 id
559 526 638 562 vitii
669 526 835 571 factum,
865 535 1000 575 postea
1031 540 1194 576 augures
1222 528 1512 575 responderunt,
1543 526 1659 574 quod,

248 592 379 643 [extra
408 594 611 645 templum]
644 604 746 632 sorte
775 597 812 632 in
843 597 967 632 sitella
997 597 1032 632 in
1055 597 1236 644 templum
1255 597 1333 632 lata
1360 596 1467 638 foris,
1496 593 1614 644 ipse*
1637 592 1659 613 ¹*

247 671 454 711 oporteret.
519 665 690 702 Profecti
724 666 812 702 inde
851 667 888 702 in
929 666 1103 702 diversas
1139 666 1327 714 regiones.
1391 666 1552 703 Petilius
1591 667 1659 702 ad-

245 745 380 769 versus
411 734 581 770 Ballistae
627 742 664 771 et
703 735 785 771 Leti
825 735 977 783 iugum,
1026 735 1129 782 quod
1179 747 1244 770 eos
1288 743 1435 772 montes
1473 742 1660 784 perpetuo
1716 734 1736 759 >¹

247 802 362 838 dorso
395 803 494 839 inter
523 815 562 839 se
593 804 736 852 iungit,
785 814 913 842 castra
943 805 1088 841 habuit.
1169 805 1228 841 Ibi
1268 805 1534 841 adhortantem
1573 817 1659 842 eum

247 885 317 920 pro
348 873 525 909 contione
555 874 703 918 milites,
734 875 980 911 inmemorem
1011 875 1272 923 ambiguitatis
1300 874 1420 918 verbi,
1450 875 1658 911 ominatum

246 940 392 985 ferunt,
422 954 463 978 se
495 955 540 978 eo
573 944 633 980 die
664 945 799 981 Letum
841 953 1038 993 capturum
1072 957 1166 980 esse.
1234 945 1395 980 Duabus
1428 944 1539 980 simul
1568 956 1661 992 par-

247 1010 349 1046 tibus
379 1012 506 1047 subire
537 1013 574 1048 in
606 1014 790 1050 adversos
822 1024 970 1050 montes
1000 1014 1125 1063 coepit.
1184 1015 1244 1051 Ea
1274 1026 1377 1062 pars,
1405 1013 1442 1049 in
1474 1026 1549 1061 qua
1579 1013 1662 1061 ipse

247 1088 350 1123 erat,
392 1081 542 1130 inpigre
581 1084 824 1120 succedebat.
902 1085 1079 1121 Alteram
1118 1085 1247 1120 hostes
1277 1096 1361 1120 cum
1393 1083 1662 1132 propulissent,

248 1157 289 1185 ut
318 1151 536 1188 restitueret
565 1165 644 1188 rem
675 1153 908 1197 inclinatam,
940 1155 1072 1190 consul
1102 1167 1200 1202 equo
1232 1154 1427 1196 advectus,
1457 1165 1548 1189 suos
1578 1153 1661 1201 qui-

248 1219 333 1256 dem
372 1233 395 1256 a
429 1220 523 1270 fuga
562 1224 776 1267 revocavit;
825 1225 924 1272 ipse,
970 1224 1057 1259 dum
1098 1224 1286 1260 incautius
1323 1229 1412 1259 ante
1448 1223 1560 1269 signa.
1589 1224 1661 1259 ob-

248 1298 436 1335 versatur,
467 1292 599 1328 missili
629 1293 810 1330 traiectus
839 1294 987 1332 cecidit.
1053 1294 1136 1331 Nec
1166 1293 1296 1329 hostes
1327 1293 1459 1329 ducem
1493 1292 1660 1328 occisum

249 1368 469 1407 senserunt,
519 1370 555 1398 ct
584 1375 738 1398 suorum
770 1364 906 1412 pauci,
952 1364 1016 1412 qui
1046 1364 1233 1407 viderant,
1274 1363 1376 1399 haud
1406 1362 1662 1410 neglegenter,

250 1437 290 1467 ut
323 1432 386 1479 qui
417 1431 454 1467 in
485 1445 529 1468 eo
557 1432 755 1468 victoriam
788 1434 884 1470 verti
916 1435 1068 1478 scirent,
1099 1446 1238 1482 eorpus
1270 1433 1524 1470 occultavere.
1570 1431 1664 1469 Alia

248 1499 450 1535 multitudo
495 1501 664 1548 peditum
710 1504 978 1552 equitumque,
1023 1504 1234 1540 deturbatis
1273 1503 1467 1547 hostibus,
1517 1508 1665 1538 montes

247 1568 327 1604 sine
373 1569 468 1606 duce
516 1583 662 1620 cepere.
749 1573 813 1609 Ad
857 1573 895 1609 V
935 1573 1038 1609 milia
1082 1574 1265 1622 Ligurum
1317 1573 1461 1616 occisa;
1505 1584 1552 1608 ex
1584 1572 1665 1608 Ro-

249 1651 363 1674 mano
414 1641 582 1676 exercitu
621 1642 697 1677 duo
737 1649 773 1678 et
813 1643 1093 1692 quinquaginta
1130 1643 1363 1691 ceciderunt.
1427 1642 1553 1691 Super
1582 1648 1661 1679 tam

248 1709 462 1746 evidentem
493 1711 611 1747 tristis
642 1711 779 1748 ominis
809 1720 1011 1757 eventum,
1058 1713 1172 1749 etiam
1215 1726 1261 1749 ex
1296 1712 1460 1761 pullario
1491 1712 1661 1748 auditum

248 1998 279 2032 7,
307 2003 325 2029 2
360 1999 466 2039 copiis
500 2010 599 2040 quam
627 2001 912 2039 congrederentur
932 2000 1137 2032 Probabilius
1161 2006 1205 2031 est
1226 2000 1333 2041 sume
1364 2000 1556 2040 priusquam
1585 2008 1661 2030 cum

247 2056 344 2087 hoste
375 2059 662 2096 congrederentur
689 2069 794 2098 quam,
825 2064 858 2088 ιιι
875 2057 970 2089 Frob.
995 2057 1043 2090 ΙΙ.
1073 2059 1267 2099 priusquam
1301 2057 1429 2096 dign-od.
1492 2060 1511 2086 3
1545 2057 1662 2087 utrim-
1717 2087 1719 2090 Α

248 2123 311 2153 que
376 2114 408 2147 8.
437 2119 455 2144 3
483 2116 565 2145 uitio
606 2114 676 2155 Mo.
706 2114 777 2146 Em.
805 2115 879 2146 502
905 2127 933 2146 n.
1000 2119 1020 2146 4
1047 2116 1149 2147 Uncos
1179 2113 1258 2145 add.
1290 2113 1360 2155 My.
1389 2113 1461 2145 Em.
1490 2112 1566 2144 502
1595 2124 1624 2144 n.
1655 2111 1660 2154 Ι

248 2177 369 2201 sortem
396 2172 429 2201 in
448 2173 591 2203 sitellam
615 2173 619 2209 Ι
642 2173 745 2202 latum
759 2172 830 2213 My.
848 2171 924 2208 ὦτί,
951 2173 1007 2214 qui
1028 2179 1099 2213 post
1121 2173 1229 2204 ll'eiss.
1257 2170 1402 2201 lacunam
1430 2171 1558 2202 notavit.
1608 2169 1662 2201 Vi-

249 2226 362 2258 dentur
393 2228 545 2259 excidisse
579 2228 757 2260 huiusmodi
793 2229 957 2270 quoedam:
996 2231 1188 2262 mansisset.
1232 2239 1304 2259 cum
1339 2229 1498 2269 templum
1531 2227 1661 2267 ingredi
1717 2257 1720 2262 Δ

249 2292 281 2316 ct
307 2287 427 2325 ipsum,
457 2287 518 2316 nisi
537 2286 650 2317 Livius
675 2288 816 2328 scripsit:
843 2287 924 2319 suris
952 2288 1020 2328 ipsc
1047 2295 1207 2328 oppertus
1237 2293 1336 2317 essct.
1390 2285 1507 2327 (Gryn.
1535 2292 1661 2316 sortem
1716 2291 1718 2293 ’

247 2343 281 2373 in
308 2343 450 2373 sitellam
479 2344 511 2373 in
539 2350 560 2374 t.
588 2345 690 2374 lutam
718 2344 797 2375 soris
823 2345 892 2385 ipsc
914 2346 1075 2386 posuerit.
1105 2344 1272 2383 Profecti)
1312 2344 1343 2381 9,
1371 2347 1380 2374 l
1412 2343 1551 2385 profecti
1580 2343 1661 2374 inin

249 2402 399 2431 diversas
419 2405 436 2430 2
454 2401 706 2432 ballistasetla‘ti
725 2399 728 2440 Ι
745 2402 833 2441 quod
849 2403 1042 2433 obscuratum
1060 2400 1116 2440 leo
1143 2402 1196 2435 10.
1216 2406 1234 2432 ‘2
1251 2402 1452 2432 somniatum
1480 2404 1499 2431 3
1526 2387 1621 2432 seseo
1653 2398 1659 2441 Ι

247 2459 360 2490 laetnm
388 2457 554 2489 facturum
605 2459 660 2497 11,
689 2464 705 2489 2
729 2447 821 2500 ipsae
883 2464 902 2490 4
941 2460 1075 2499 quidem
1104 2461 1203 2490 et³am
1232 2459 1323 2498 suga.
1375 2457 1464 2490 Num
1489 2459 1602 2489 media
1626 2459 1661 2489 in

248 2516 350 2555 fuga?
390 2518 407 2544 6
435 2517 565 2546 eaevidit
614 2516 667 2551 12,
696 2521 714 2547 2
743 2518 958 2558 neclegenter
1016 2517 1070 2555 13,
1098 2521 1117 2548 2
1145 2517 1267 2548 montis
1316 2520 1335 2546 4
1362 2516 1565 2547 caeciderunt
1605 2514 1660 2553 14,

249 2579 267 2605 2
295 2574 441 2605 hominis
464 2575 468 2613 Ι
491 2575 680 2605 nuditumse
703 2575 821 2605 uitium
