1796 2929
189 535 234 567 10

191 813 227 846 ll

189 882 233 916 12

189 1156 234 1190 13

328 143 399 177 152
662 140 765 170 Liber
789 140 918 174 XLIV.
969 142 1029 180 (A.
1056 151 1087 172 u.
1115 151 1143 172 c.
1172 145 1264 179 585.)

266 261 366 296 omni
396 273 534 308 genere
565 260 792 306 vexationis,
825 270 1111 310 processerunt;
1142 265 1238 300 adeo
1269 270 1307 300 ut
1337 275 1382 300 ne
1413 264 1491 299 dux
1519 263 1670 310 quidem

266 337 301 366 et
333 337 465 365 auctor
495 328 638 365 itineris
669 331 907 376 infitiaretur,
934 345 1056 381 parva
1087 346 1202 369 manu
1233 332 1350 370 deleri
1381 344 1531 368 omnem
1564 344 1672 368 exer-

267 398 380 433 cituin
426 398 606 445 potuisse.
680 403 806 439 Nocte
848 402 897 437 ad
942 402 1130 439 modicam
1168 402 1362 451 planitiem
1408 407 1673 450 pervenerunt,

267 479 347 510 nec,
382 479 495 514 quain
528 467 688 505 infestus
718 470 750 505 is
779 471 886 507 locus
917 479 1033 515 esset,
1064 479 1204 521 saeptus
1236 472 1421 520 undique,
1454 471 1671 519 circumspi-

266 536 386 572 ciendi
416 537 580 584 spatium
622 538 691 574 fuit
733 541 797 575 vix
838 541 990 577 tandem
1031 554 1077 577 ex
1107 542 1299 590 insperato
1334 540 1507 577 stabilem
1539 541 1588 576 ad
1618 540 1673 576 in·

265 606 472 642 sistendum
513 607 659 643 nanctis
702 607 840 647 locum.
900 611 1063 662 l³ostero
1107 623 1259 658 quoque
1301 611 1360 646 die
1402 610 1438 645 in
1468 615 1544 645 tam
1577 621 1673 646 cava

266 675 366 710 valle
405 676 571 724 opperiri
611 677 802 724 Popilium
851 692 895 715 ac
934 680 1086 716 relictas
1127 692 1210 716 cuin
1259 692 1303 716 eo
1344 678 1474 728 copias
1522 691 1674 715 necesse

267 743 356 782 fuit:
387 757 483 792 quos
513 752 548 781 et
579 746 695 794 ipsos,
727 759 810 783 cuin
843 749 891 784 ab
917 749 1021 785 nulla
1046 756 1154 797 parte
1185 750 1304 785 hostis
1335 749 1541 789 terruisset.
1571 749 1675 786 loco-

265 827 347 849 ruin
387 815 573 862 asperitas
612 817 799 854 hostiliter
827 819 994 854 vexavit.
1065 820 1196 855 Tertio
1227 820 1286 855 die
1317 820 1526 856 coniunctis
1556 820 1675 868 copiis

267 893 355 920 eunt
384 897 453 932 pei·
482 879 640 929 saltum,
680 899 791 934 quein
823 887 955 924 incolae
987 887 1229 937 Callipeucen
1261 889 1468 937 appellunt.
1527 888 1674 936 Quarto

266 954 352 989 inde
386 955 444 990 die
475 967 542 1002 per
572 969 679 1003 aeque
719 957 846 998 invia,
891 959 956 994 sed
988 959 1236 994 adsuetudine
1266 959 1422 1006 peritius
1453 965 1487 994 et
1520 958 1676 995 meliore

267 1035 350 1059 Cum
383 1036 471 1071 spe,
504 1026 606 1072 quod
637 1039 705 1063 nec
735 1028 854 1063 hostis
886 1041 1066 1075 umquam
1098 1028 1309 1076 apparebat
1341 1035 1376 1063 et
1409 1028 1503 1064 mari
1537 1028 1675 1076 adpro-

267 1093 516 1141 pinquabant,
540 1095 708 1143 degressi
740 1096 776 1131 in
808 1109 976 1144 campos,
1006 1097 1104 1133 inter
1124 1096 1353 1133 Heracleum
1386 1104 1421 1132 et
1453 1097 1674 1134 Libethrum

267 1173 474 1211 posuerunt
515 1173 653 1209 casn-a,
693 1179 853 1213 quorum
897 1179 986 1214 pars
1026 1167 1147 1202 maior
1184 1167 1349 1203 tumulos
1382 1168 1555 1211 tenebat3
1600 1167 1675 1203 ima

267 1233 355 1268 valli
384 1234 507 1282 campi
532 1247 684 1282 quoque
701 1243 862 1283 partein,
893 1236 956 1272 ubi
984 1248 1098 1283 eques
1123 1237 1304 1280 tenderetff
1337 1237 1674 1284 amplectebantur.

379 1304 544 1340 Lavanti
574 1305 654 1352 regi
680 1305 816 1341 dicitur
839 1306 1066 1345 nuntiatum„
1091 1307 1217 1342 hostes
1245 1306 1390 1342 adesse.
1435 1306 1521 1352 Quo
1545 1308 1675 1342 nuntio

267 1385 349 1407 cum
382 1374 544 1420 pavidus
570 1375 764 1411 exiluisset
793 1388 813 1410 e
843 1375 952 1417 solio,
981 1375 1122 1411 victum
1149 1387 1189 1411 se
1217 1376 1297 1411 sine
1318 1376 1451 1423 proelio
1478 1376 1676 1412 clamitans

267 1442 472 1490 proripuit;
517 1452 550 1480 et
592 1445 751 1481 subinde
791 1458 858 1493 per
894 1445 970 1480 alia
1009 1445 1133 1492 adque
1176 1446 1252 1481 alia
1282 1445 1423 1493 pavida
1454 1445 1610 1480 consilia
1642 1451 1677 1480 et

267 1511 428 1560 imperia
458 1515 674 1562 trepidam,
717 1515 812 1551 duos
854 1527 901 1550 ex
932 1515 1076 1559 amicis,
1107 1514 1254 1550 Pellam
1287 1514 1469 1559 alterum,
1511 1522 1562 1558 ut,
1595 1527 1679 1562 quae

1026 1590 1050 1628 t,
1080 1581 1178 1601 ἐκέκ*

269 1581 316 1616 ad
351 1582 520 1618 Phacum
552 1584 711 1632 pecunia
751 1584 927 1632 deposita
957 1597 1021 1620 era
1217 1596 1263 1620 ex
1294 1584 1479 1632 praesidiis
1509 1590 1677 1627 revocat,

269 1663 476 1699 omnesque
516 1653 641 1689 aditus
685 1655 807 1702 aperit
844 1654 955 1690 bello.
1026 1655 1133 1702 Ipse,
1175 1654 1223 1689 ab
1255 1654 1331 1689 Dio
1362 1654 1506 1690 auratis
1541 1655 1676 1690 statuis

269 1721 444 1757 omnibus
474 1723 606 1770 raptis,
637 1737 683 1760 ne
714 1725 844 1772 praeda
873 1723 972 1760 hosti
1003 1729 1140 1767 essent,
1171 1723 1314 1760 incolas
1345 1724 1423 1759 eius
1454 1723 1528 1759 loci
1558 1724 1675 1759 demi-

268 1803 381 1838 grare
405 1792 580 1840 Pydnam
606 1794 719 1841 cogit,
748 1801 796 1834 et,
822 1806 905 1841 quae
932 1793 1125 1830 temeritas
1149 1793 1313 1828 consulis
1336 1793 1455 1828 videri
1479 1793 1676 1841 potuisset,

269 1903 382 1933 *tadeo
394 1912 433 1933 ne
454 1892 633 1934 5itincribs
654 1902 708 1938 9‚2
722 1908 827 1943 ncquz'i
841 1901 1339 1943 insectusllly.Em.5liltGryn.
1353 1911 1459 1942 neque
1469 1901 1678 1942 auinsestus)

269 1959 322 1996 10,
346 1963 356 1990 l
378 1961 445 1990 uixi
466 1960 588 2003 (Gr-yn.
609 1960 680 1991 fuit.
694 1961 763 1991 vix
783 1978 822 1982 —-
842 1960 950 1991 locum
969 1965 1102 2000 postero
1118 1959 1189 1990 Em.
1202 1957 1282 1998 ibd.)
1304 1990 1305 1994 ,
1327 1969 1367 1989 ex
1389 1959 1515 2000 spirato
1555 1963 1573 1990 3
1590 1959 1677 1990 balle

270 2017 351 2057 11‚2
368 2018 625 2060 callipeumquae
652 2018 705 2054 12,
724 2022 733 2049 l
751 2018 846 2048 tertio
863 2017 940 2048 inde
960 2016 1069 2058 Siqon.
1092 2021 1108 2047 2
1126 2026 1228 2056 aequae
1244 2017 1352 2047 inuias
1381 2015 1676 2058 331y071.11squam

269 2080 287 2105 4
314 2076 455 2115 digressi
477 2076 482 2115 Ι
504 2077 699 2107 hnraectum
731 2076 828 2107 Gron.
854 2076 858 2114 Ι
880 2075 1096 2115 libettbyrum
1124 2074 1221 2105 Frob.
1249 2073 1296 2105 II.
1350 2078 1366 2104 5
1395 2080 1503 2105 eastra
1529 2075 1676 2115 peditum

269 2143 409 2172 quorum
431 2152 463 2156 —
484 2135 619 2165 tenebat
645 2134 690 2164 ibi
719 2133 806 2164 ualle
835 2131 905 2173 My.
930 2130 1017 2173 (Qsr.
1033 2131 1106 2163 Em.
1123 2131 1211 2170 561,·
1234 2132 1332 2172 possit
1357 2133 1447 2162 etiam
1473 2131 1584 2162 scribi.-
1611 2133 1677 2162 imo

268 2190 368 2221 vallo.
412 2191 510 2232 Gryn.
539 2191 692 2222 tenebat:
718 2191 739 2220 ii
767 2190 899 2227 vallem,
927 2190 1050 2230 campi)
1077 2189 1132 2227 13,
1148 2193 1166 2219 2
1190 2195 1283 2230 parte
1301 2192 1304 2230 fl
1323 2188 1381 2228 (Il.
1398 2189 1676 2230 amplectebatur)

268 2247 331 2284 VI,
343 2248 374 2286 1,
390 2251 401 2278 1
420 2248 548 2279 labanti
572 2248 577 2288 Ι
599 2248 706 2279 hostis
745 2252 764 2279 3
781 2247 911 2288 Kreyss.
926 2246 1131 2287 probabiliter
1145 2256 1179 2278 sc
1194 2248 1368 2288 proripuit,
1380 2247 1437 2277 etsi
1455 2246 1677 2287 1⁷1'r91'lt'1ass1'nc

265 2305 447 2344 pronomine
474 2304 563 2337 dixit.
617 2306 650 2343 2,
681 2310 692 2336 l
723 2316 783 2346 per
807 2305 950 2346 aliaquae
975 2305 1100 2345 pauida
1127 2302 1212 2344 (er.
1242 2303 1313 2335 Em.
1333 2304 1424 2341 5623
1451 2304 1518 2334 alin
1544 2304 1677 2343 aliaque

266 2361 386 2401 primnis
402 2361 549 2403 Kreyss.)
610 2367 628 2394 2
663 2364 803 2394 alterum
831 2372 937 2403 usque
964 2362 1003 2392 ad
1030 2362 1167 2402 pathum
1194 2362 1337 2402 pecunia
1368 2361 1439 2402 My.
1456 2361 1531 2392 563
1555 2359 1674 2403 (Gryn.

269 2418 397 2449 Pellam
417 2420 558 2451 alterum
582 2421 872 2461 Asclepiodotum,
898 2420 953 2450 ubi
980 2419 1122 2461 pecunia
1141 2419 1289 2460 deposita
1313 2424 1394 2455 crat,
1422 2428 1463 2449 ex
1481 2424 1548 2449 cete.
1568 2418 1676 2449 Lacu-

270 2487 340 2506 nam
367 2475 416 2506 liic
433 2488 495 2507 esse
514 2477 638 2508 viderat
662 2476 854 2518 Creveriw.)
912 2481 931 2507 4
962 2476 1141 2516 omnisque
1206 2476 1237 2513 3,
1269 2479 1286 2506 2
1315 2475 1400 2516 rapti
1428 2475 1558 2518 Kreyss,
1591 2475 1596 2516 Ι
1626 2476 1676 2506 in-

271 2533 377 2564 classe
417 2535 536 2565 iustoci
583 2535 785 2573 demigrasse
816 2533 960 2575 Kreyss..
1004 2532 1145 2564 adhibito
1192 2531 1342 2564 Diodoro
1379 2531 1444 2564 Sic.
1477 2532 1521 2564 II
1546 2544 1578 2574 p.
1605 2531 1678 2563 579

279 2589 397 2621 Wessel
422 2590 569 2630 (XXX,
598 2592 639 2622 15
667 2591 810 2631 Bel-ker)
848 2591 967 2633 (Gryn.
997 2591 1130 2631 raptim,
1167 2600 1209 2620 ne
1251 2608 1288 2612 —
1317 2596 1437 2625 essent.
1475 2591 1508 2620 in
1537 2591 1676 2621 classem

269 2648 450 2687 congestis,
479 2649 571 2679 ocius
602 2649 809 2689 demigrare)
