1742 2902
434 109 536 141 Liber
560 109 672 142 XL11.
724 112 784 151 (A.
816 111 893 142 chr.
925 111 1015 151 171.)
1333 114 1375 148 91

0 162 3 187 Ι

781 211 802 225 x

0 233 1 237 ’
27 245 111 282 quae
141 232 179 268 in
210 231 413 279 conloquio
445 233 493 268 ab
524 246 613 281 rege
648 234 750 270 dicta
780 241 907 279 erant,
938 234 1060 270 relata
1091 234 1139 270 ab
1170 233 1317 282 legatis.
1375 233 1439 269 In—

25 302 207 339 sidiarum
239 301 401 338 Eumeni
431 301 619 338 factarum
652 304 792 340 crimen
827 311 864 340 et
898 304 1067 339 maxima
1099 315 1189 339 cura
1220 309 1257 338 et
1287 302 1441 338 minime

26 377 152 409 tamen
182 371 433 419 probabiliter
455 371 673 413 (manifesta
695 372 792 408 enim
816 385 876 408 res
899 378 997 416 erat)
1030 372 1240 408 defensum.
1302 370 1441 408 Cetera

24 440 241 490 deprecatio
273 446 370 484 erat3
402 441 468 477 sed
490 454 565 477 non
596 442 649 477 eis
672 442 808 478 animis
836 443 1101 485 audiebantur,
1133 442 1197 489 qui
1227 448 1293 477 aut
1313 441 1443 477 doceri

25 516 90 548 aut
131 510 230 546 flecti
278 517 444 557 possent.
511 511 809 556 Denuntiatum,
861 512 1053 559 extemplo
1102 511 1288 547 moenibus
1338 511 1441 547 urbis

24 580 168 623 Romae,
203 579 317 615 Italia
348 579 448 616 intra
471 581 599 616 XXX
631 580 730 616 diem
753 581 992 619 excederent.
1051 582 1096 619 P.
1132 580 1278 616 Licinio
1306 579 1441 616 deinde

23 649 188 693 consuli,
219 648 278 684 cui
308 649 539 685 Macedonia
569 650 768 698 provincia
805 651 1040 695 obvenerat,
1078 649 1361 694 denuntiaturi),
1401 654 1442 686 ut

24 718 204 754 exercitui
248 719 346 755 diem
392 720 554 767 primam
601 732 793 767 quamque
838 719 980 755 diceret
1025 721 1073 755 ad
1127 719 1440 756 conveniendum.

23 785 66 825 C.
114 788 312 824 Lucretius
358 796 520 836 praetor,
565 789 624 825 eui
667 789 798 825 classis
845 789 1044 837 provincia
1089 795 1192 833 erat,
1236 801 1320 824 cum
1364 789 1441 825 XL

24 857 358 906 quinqueremibus
397 858 444 893 ab
483 858 576 893 urbe
615 858 830 906 profectus;
871 870 958 893 nam
1001 871 1048 894 ex
1087 858 1239 894 refectis
1278 858 1441 894 navibus

0 927 118 989 ‚alias
148 928 184 963 in
216 927 332 963 alium
363 939 471 963 usum
503 928 655 964 retineri
699 928 748 963 ad
779 929 911 963 urbem
943 928 1097 975 placuit.
1161 927 1388 964 Praemissus
1419 938 1442 962 a

0 995 184 1070 ‚praetore
221 1003 278 1033 est
321 996 441 1033 frater
470 999 514 1033 M.
545 998 745 1034 Lucretius
787 1010 871 1033 cum
915 997 1188 1045 quinquereme
1229 1009 1322 1041 una,
1363 996 1440 1032 ius-

0 1078 175 1115 =susque,
205 1068 254 1103 ab
287 1067 399 1103 sociis
431 1080 477 1103 ex
507 1067 649 1104 foedere
682 1068 848 1116 acceptis
870 1067 1046 1111 navibus,
1080 1068 1128 1103 ad
1153 1065 1441 1114 Cephalleniam

0 1098 134 1196 [classi
161 1149 380 1180 occurrere,
421 1137 469 1172 ab
510 1137 666 1185 Reginis
705 1138 848 1173 triremi
887 1150 986 1181 una,
1035 1138 1082 1173 ab
1115 1137 1248 1173 Locris
1280 1136 1441 1179 duabus,

0 1207 70 1248 ,ab
103 1212 123 1250 Ἰ·
152 1208 327 1246 Uritibus
358 1212 550 1254 quattuor.
597 1208 743 1244 Praeter
774 1221 881 1244 oram
913 1207 1036 1243 Italiae
1061 1214 1308 1254 supervectus
1327 1205 1441 1241 Cala-

0 1276 112 1315 =briae
142 1285 353 1313 extremum
385 1277 690 1324 promuntorium
722 1277 833 1313 Ionio
874 1278 969 1313 mari
1002 1277 1260 1325 Dyrrachium
1304 1275 1440 1311 traicit.

0 1346 81 1384 *Ibi
137 1347 267 1384 decem
327 1347 497 1394 ipsorum
545 1347 897 1396 Dyrrachinorum,
968 1347 1169 1382 duodecim
1221 1347 1440 1391 Issaeorum,

24 1416 146 1453 LIIII
198 1423 379 1465 quattuor
428 1416 544 1454 Genti
591 1417 691 1465 regis
736 1417 882 1453 lembos
932 1423 1114 1461 nanctus,
1167 1416 1350 1452 simulans
1401 1426 1442 1451 se

25 1486 178 1524 credere
219 1499 285 1523 eos
324 1487 363 1522 in
402 1499 510 1522 usum
550 1488 813 1524 Romanorum
856 1494 1087 1534 conparatos
1129 1497 1229 1531 esse,
1268 1486 1444 1521 omnibus

26 1556 217 1601 abductis,
258 1557 318 1592 die
349 1556 460 1592 tertio
493 1556 723 1604 Corcyram,
761 1556 849 1591 inde
881 1557 1054 1604 protinus
1084 1557 1122 1592 in
1153 1555 1441 1604 Cephalleniam

25 1626 161 1662 traicit.
221 1625 264 1664 C.
297 1627 496 1662 Lucretius
538 1634 679 1674 praetor
716 1626 764 1661 ab
799 1626 965 1673 Neapoli
1003 1626 1217 1674 profectuS,
1261 1630 1442 1672 superato

24 1694 135 1741 freto,
166 1696 226 1732 die
257 1697 388 1744 quinto
420 1697 456 1732 in
479 1696 766 1744 Cephalleniam
799 1696 1020 1731 transmisit.
1080 1696 1140 1732 Ibi
1165 1695 1266 1731 stetit
1297 1694 1442 1738 classis,

25 1764 135 1801 simul
178 1767 400 1815 opperiens,
447 1774 485 1802 ut
527 1773 725 1803 terrestres
766 1766 885 1813 copiae
930 1766 1203 1809 traicerentur,
1250 1764 1362 1800 simul
1404 1769 1444 1799 ut

0 1836 209 1885 ’onerariae
240 1849 288 1873 ex
318 1837 470 1885 agmine
507 1849 576 1872 suo
611 1849 680 1884 per
717 1836 834 1872 altum
874 1836 1068 1883 dissipata}
1105 1840 1441 1882 consequerentur.

27 1974 187 2015 XLVIII,
202 1977 234 2015 2,
250 1982 269 2008 4
285 1980 535 2011 manisestenim
553 1990 604 2011 res
641 1980 672 2017 3,
689 1983 707 2010 2
725 1978 943 2021 depraecatio}
961 1979 1039 2019 quia
1053 1983 1111 2009 aut
1145 1982 1164 2008 4
1180 1987 1281 2008 romae
1295 1978 1341 2007 ita
1356 1977 1444 2008 intra

27 2031 58 2070 5,
77 2038 96 2064 2
125 2045 146 2066 u
170 2036 319 2067 remibus
342 2037 346 2076 Ι
369 2047 446 2068 nam
465 2048 522 2068 rex
542 2037 674 2069 refectis
724 2037 755 2075 6,
776 2041 793 2067 2
821 2036 925 2068 frater
944 2036 1104 2067 lucretius
1129 2034 1226 2067 Gron.
1252 2035 1256 2074 Ι
1279 2035 1444 2074 quinque-

29 2110 149 2136 remest
166 2115 234 2136 una
283 2110 302 2137 3
324 2107 488 2147 cepaliam
541 2106 572 2144 7,
597 2111 609 2138 l
636 2106 734 2148 Gryn.
756 2106 964 2146 interpunxit:
992 2115 1183 2136 occurrere:
1211 2104 1253 2134 ab
1279 2103 1443 2143 Rheginis

30 2174 72 2183 ·—
97 2169 264 2202 quattuor,
298 2171 418 2204 praeter
455 2170 511 2196 cet.
539 2164 611 2196 Em.
637 2165 722 2196 537.
752 2164 888 2204 (Weiss.
917 2162 1068 2194 malebat:
1101 2172 1284 2193 occurrere.
1312 2161 1369 2192 Ab
1401 2161 1441 2192 R.

31 2221 70 2250 tr.
98 2229 163 2250 una
187 2227 320 2262 sumpta
345 2228 402 2252 aut
427 2223 515 2260 (lata,
543 2229 571 2253 el
594 2221 757 2264 probabile
776 2228 821 2252 ast
838 2221 891 2252 illo
912 2220 1004 2252 modo
1026 2219 1303 2262 1’tzterpun9endum
1328 2230 1392 2250 esse
1415 2224 1444 2250 el

26 2276 227 2318 participium
245 2284 274 2309 et
286 2280 432 2320 sortasse
450 2279 559 2321 plura,
585 2281 705 2311 urbium
724 2280 850 2310 nomina
874 2286 902 2310 et
926 2280 1053 2310 navium
1079 2289 1229 2315 numeros,
1257 2276 1442 2318 excidisse.)

31 2333 212 2366 2Uritibus
222 2343 401 2377 corruptum
424 2338 428 2376 Ι
451 2348 544 2368 oram
558 2344 776 2378 supet-uectus
795 2337 895 2368 italiae
910 2337 1070 2367 calabriae
1085 2338 1098 2376 Ι
1113 2336 1221 2368 Weiss.
1242 2336 1351 2366 Italiae
1377 2334 1446 2366 tolli

30 2390 160 2431 volebat,
176 2394 228 2424 vix
242 2396 351 2433 recte.)
373 2399 392 2425 3
409 2395 471 2435 (H.
488 2397 772 2437 promunturium)
796 2396 800 2435 Ι
823 2395 956 2425 inionio
967 2395 1051 2425 mari
1065 2393 1136 2434 My.
1156 2393 1315 2425 Em.537
1337 2394 1343 2434 Ι
1365 2394 1441 2434 dyr-

30 2450 156 2480 racium
206 2451 239 2489 8,
258 2455 271 2482 l
299 2452 549 2493 dyrracinorum
573 2455 578 2493 Ι
601 2455 765 2489 issem-‚um
835 2456 853 2483 3
882 2459 1084 2493 conparatus
1125 2456 1144 2483 4
1171 2452 1326 2483 adductis
1354 2452 1357 2493 Ι
1387 2460 1442 2482 ce-

32 2505 157 2546 paliam
215 2508 246 2546 9,
271 2513 284 2540 l
305 2521 354 2551 pr.
372 2520 412 2541 ne
432 2512 474 2542 ab
493 2512 627 2552 neapoli
683 2516 701 2541 ἱ),
730 2511 848 2551 quinto
866 2520 924 2551 per
949 2510 1171 2551 cepallaniam
1198 2509 1303 2548 (Num
1322 2510 1441 2548 quinto

31 2571 89 2605 per
113 2575 202 2597 mare
227 2567 360 2599 Ionium
382 2569 416 2599 in
442 2568 737 2610 CephalleniamP)
790 2568 844 2607 10,
860 2570 879 2598 2
896 2573 932 2599 ut
955 2573 1060 2599 terres
1086 2573 1123 2599 ut
1147 2568 1311 2599 terrestris
1338 2567 1442 2607 copiae

33 2624 53 2653 8
78 2625 239 2655 ouerariae
265 2630 299 2656 et
322 2627 456 2666 agmine
