1753 2934
646 149 722 181 Lib.
749 149 890 180 11-1v.
1372 154 1416 188 17

71 288 229 322 praeterea
252 287 357 323 gestas
382 281 542 311 adversus
572 279 714 311 Volscos
747 285 781 310 et
804 280 970 313 Hernicos
996 287 1029 312 et
1055 281 1215 312 Veientes
1241 286 1273 312 et
1298 281 1476 313 seditiones

68 326 158 374 inter
181 347 294 384 patres
317 340 517 383 plebemque
545 341 705 372 continet.

647 449 712 480 EX
735 448 823 479 LIB.
849 447 910 479 111.

166 525 357 557 Seditiones
384 525 424 554 de
451 524 591 564 agrariis
623 525 756 564 legibus
788 524 890 555 suere.
945 522 1146 563 Capitolium
1173 525 1216 555 ab
1242 526 1414 557 exsulibus
1446 532 1479 557 et

75 586 177 617 sorvis
216 593 416 627 occupatum
458 587 552 618 caesis
592 586 644 617 his
685 592 854 627 receptum
898 591 958 616 est.
1029 583 1158 616 Census
1198 586 1248 616 bis
1286 593 1380 617 actus
1417 592 1478 618 est.

74 647 190 679 Priore
206 647 312 679 lustro
331 657 431 678 censa
456 654 533 678 sunt
558 648 679 678 civium
707 648 818 688 capita
844 647 871 677 C
892 646 977 677 VIII
995 644 1140 687 millia¹)
1166 646 1343 679 DCCXIV
1359 654 1480 689 praeter

76 709 175 740 orbos
201 709 378 748 orbusque,
418 709 568 749 sequenti
604 706 739 740 CXVII
779 708 881 739 millia
909 705 1110 749 CCXIX.²)
1176 707 1284 746 Quum
1322 709 1480 740 adversus

74 771 206 811 AEquos
234 770 319 801 male
345 775 440 808 gesta
466 779 517 801 res
540 776 648 806 esset,
674 770 712 802 L.
741 769 917 807 Quinctius
943 769 1161 801 Cincinnatus
1188 771 1332 801 dictator
1357 770 1479 808 faetus,

76 842 176 872 quum
195 841 270 863 rure
288 832 438 862 intentus
456 832 546 872 operi
566 832 689 862 rustico
708 840 806 868 esset,
833 832 874 862 ad
897 832 929 861 id
952 831 1075 862 bellum
1099 832 1280 871 gerendum
1301 833 1480 864 arcessitus

77 899 133 925 est.
180 893 214 924 Is
245 894 350 923 victos
383 893 496 924 hostes
530 893 591 923 sub
624 894 737 933 iugum
772 893 872 924 misit.
926 893 1148 924 Tribunorum
1180 893 1289 933 plebis
1323 903 1480 925 numerus

77 955 254 996 ampliatus
280 960 339 992 est,
367 960 403 985 ut
429 961 539 985 essent
565 955 690 989 decem,
722 955 892 986 tricesimo
918 961 1014 985 sexto
1040 964 1127 985 anno
1153 964 1172 984 a
1196 955 1312 996 primis
1338 955 1481 986 tribunis

75 1016 193 1056 plebis.
242 1016 361 1047 Petitis
386 1027 445 1057 per
469 1016 599 1056 legatos
635 1023 668 1047 et
693 1017 804 1047 allatis
832 1016 956 1047 Atticis
980 1017 1122 1056 legibus,
1156 1017 1199 1046 ad
1226 1017 1478 1047 constituendas

77 1088 132 1109 eas
146 1079 447 1120 proponendnsque
463 1079 638 1109 decemviri
657 1088 717 1119 pro
737 1078 931 1109 consulibus
951 1078 1022 1108 sine
1042 1077 1118 1108 ullis
1137 1077 1211 1108 aliis
1230 1077 1482 1117 magistratibus

78 1141 179 1170 creati
205 1140 311 1171 altero
336 1146 369 1170 et
395 1139 632 1171 trecentesimo
658 1149 764 1177 anno,
799 1149 899 1179 quam
927 1140 1034 1170 Roma
1060 1139 1196 1170 condita
1221 1144 1308 1177 erat,
1345 1144 1378 1169 et
1403 1144 1440 1169 ut
1463 1149 1484 1169 a

77 1201 211 1241 regibus
229 1202 271 1232 ad
291 1201 458 1239 consules,
480 1202 526 1232 ita
544 1211 563 1231 a
581 1201 774 1232 consulibus
793 1202 834 1231 ad
854 1201 1057 1231 decemviros
1075 1201 1250 1240 imperium
1269 1200 1482 1231 translatum.

77 1261 131 1300 Hi,
150 1263 265 1292 decem
284 1262 406 1293 tabulis
425 1262 539 1301 legum
559 1263 689 1303 positis,
708 1272 808 1304 quum
824 1262 977 1293 modeste
995 1272 1029 1293 se
1044 1262 1078 1291 in
1096 1272 1135 1292 eo
1152 1261 1281 1292 honore
1301 1261 1484 1301 gessissent

78 1330 109 1354 et
135 1323 177 1354 ob
203 1323 237 1354 id
263 1323 296 1353 in
322 1324 462 1355 alterum
490 1334 622 1365 quoque
641 1334 764 1354 annum
785 1325 926 1353 eundem
946 1332 1018 1353 esse
1037 1323 1269 1362 magistratum
1289 1323 1483 1364 placuisset,

80 1385 209 1415 duabus
233 1384 355 1416 tabulis
382 1387 424 1416 ad
450 1386 564 1416 decem
591 1386 740 1422 adiectis,
767 1395 869 1425 quum
896 1384 1069 1425 complura
1097 1385 1299 1425 impotenter
1314 1384 1483 1422 fecissent,

80 1447 315 1486 magistratum
338 1445 517 1476 noluerunt
536 1447 701 1487 deponere
721 1452 752 1477 et
770 1448 802 1477 in
821 1447 956 1477 tertium
982 1456 1106 1477 annum
1133 1448 1351 1483 retinuerunt,
1377 1447 1486 1478 donec

81 1507 190 1538 inviso
212 1517 326 1539 eorum
353 1508 493 1548 imperio
519 1508 617 1538 finem
649 1509 762 1539 attulit
787 1509 891 1539 libido
920 1509 1006 1548 App.
1037 1507 1180 1538 Claudii.
1235 1506 1297 1544 Qui
1324 1517 1424 1547 quum
1453 1507 1487 1537 in

81 1578 227 1600 amorem
254 1568 427 1608 Verginiae
451 1570 588 1609 virginis
614 1570 798 1601 incidisset.
825 1570 1020 1605 summisso,
1052 1570 1108 1609 qui
1135 1578 1207 1599 eam
1233 1569 1267 1598 in
1294 1569 1488 1599 servitutem

81 1637 228 1671 peteret,
265 1631 499 1661 necessitatem
525 1630 611 1672 patri
638 1631 707 1662 eius
733 1632 898 1671 Verginio
925 1631 1101 1672 imposuit,
1139 1635 1234 1671 rapto
1269 1639 1313 1660 ex
1350 1630 1490 1660 taberna

82 1692 236 1732 proxima
261 1692 379 1729 cultro,
412 1691 513 1722 filiam
542 1693 735 1733 occidendi,
770 1703 870 1733 quum
898 1693 995 1723 aliter
1021 1691 1108 1722 effici
1134 1701 1201 1723 non
1225 1696 1357 1731 posset,
1388 1700 1430 1721 ne
1456 1691 1491 1721 iu

82 1758 283 1794 potestatem
309 1759 459 1794 stuprum
489 1753 614 1783 illaturi
640 1754 778 1783 veniret.
827 1753 902 1783 Hoc
928 1759 997 1784 tam
1022 1763 1151 1793 magnae
1174 1752 1316 1783 luxuriae
1337 1750 1490 1791 exemplo

81 1814 175 1854 plebs
211 1815 379 1845 concitata
416 1821 569 1845 montem
606 1815 807 1845 Aventinum
849 1815 1027 1856 occupavit
1063 1814 1241 1854 coegitque
1283 1813 1491 1844 decemviros

84 1876 240 1906 abdicare
284 1886 319 1907 se
357 1877 572 1916 magistratu3
628 1886 671 1907 ex
715 1876 835 1916 quibus
872 1877 1022 1918 Appius,
1067 1876 1123 1915 qui
1161 1876 1326 1916 praecipue
1357 1884 1492 1916 poenam

85 1942 261 1974 meruerat,
287 1938 320 1968 in
340 1947 508 1969 carcerem
537 1939 707 1969 coniectus
734 1947 795 1974 est,
826 1939 927 1968 ceteri
953 1939 986 1968 in
1012 1937 1168 1968 exsilium
1193 1943 1270 1968 sunt
1296 1937 1370 1967 acti.
1427 1936 1495 1967 Res

84 2005 245 2039 praeterea
270 2006 385 2029 eontra
413 1999 556 2031 Sabinos
591 2005 623 2030 et
644 1999 791 2030 Volscos
821 2008 979 2040 prospere
1005 2004 1118 2038 gestas
1145 1999 1292 2028 continet
1318 2004 1351 2028 et-
1374 2007 1494 2038 parum

86 2059 263 2091 honestum
289 2060 405 2101 populi
426 2060 570 2091 Romani
598 2061 769 2098 iudicium,
797 2061 851 2101 qui
877 2061 980 2091 iudex
1004 2060 1089 2090 inter
1106 2060 1271 2090 Ardeates
1290 2065 1323 2089 et
1335 2059 1495 2091 Aricinos

88 2128 237 2163 sumptus
264 2131 392 2162 agrum,
425 2123 466 2152 de
492 2132 558 2163 quo
585 2123 831 2163 ambigebatur,
858 2122 920 2153 sibi
946 2121 1162 2152 adiudicavit.

657 2253 721 2284 EX
746 2253 832 2284 LIB.
860 2252 923 2283 IV.

181 2327 254 2359 Lex
281 2328 324 2360 de
351 2329 522 2360 connubio
548 2335 681 2370 patrum
714 2333 748 2358 et
778 2327 885 2369 plebis
920 2337 939 2358 a
964 2327 1106 2358 tribunis
1134 2328 1349 2358 contentione
1373 2337 1500 2368 magna

52 2423 55 2429 Ι
88 2389 240 2429 patribus
265 2392 533 2431 repugnantibus
560 2390 690 2432 perlata
723 2396 781 2421 est.
838 2390 977 2421 Tribuni
1001 2386 1166 2429 plebis**.
1214 2389 1359 2429 Aliquot
1392 2399 1499 2421 annos

90 2459 143 2480 res
176 2450 292 2492 populi
324 2451 468 2483 Romani
506 2453 595 2484 domi
633 2452 828 2492 militiaeque
861 2451 1018 2496 pet-[hoc
1058 2460 1164 2490 genus
1195 2451 1409 2490 magistratus
1440 2452 1500 2482 ad-

91 2511 283 2543 ministratae
319 2518 408 2544 sunt.
474 2513 561 2544 Item
604 2522 759 2545 censores
811 2518 890 2543 tunc
932 2513 1074 2554 primum
1109 2513 1213 2544 creati
1249 2517 1338 2546 sunt.
1404 2512 1501 2553 Ager

168 2680 194 2710 ¹)
216 2679 281 2705 CIV
299 2680 388 2705 millia
406 2683 461 2707 Lic.
483 2690 506 2707 c.
525 2684 550 2708 3.
625 2680 652 2710 ²)
674 2679 812 2706 eccm
832 2682 885 2706 Lis.
908 2690 930 2707 c.
954 2683 994 2706 24.

129 2737 226 2764 Livius
245 2745 280 2764 ex
300 2746 352 2764 rec.
373 2739 516 2771 Madvigii.
561 2740 636 2765 VIII.

1219 2738 1237 2764 [ὗ
