1742 2902
482 126 583 157 Liber
607 125 698 156 XLI.
750 126 809 164 (A.
842 126 918 156 Chr.
952 124 1043 164 175.)
1366 127 1414 161 23

62 253 306 296 expectantes
338 247 470 283 ditare.
554 248 690 294 Itaque
719 232 883 292 nescire,
927 248 1017 295 quid
1048 248 1120 284 sibi
1150 246 1274 283 vellet.
1313 246 1472 293 quibus-

62 317 149 353 dam
205 316 336 351 vidcri.
426 317 591 362 Quidam
654 317 785 352 ludere
850 330 933 353 eum
1003 318 1249 365 simpliciter,
1315 315 1471 362 quidam

61 386 162 423 haud
193 385 305 421 dubie
338 385 504 420 insanire
535 386 700 424 aiebant.
786 387 830 421 In
872 387 1020 422 duabus
1062 394 1187 422 tamen
1220 385 1367 433 magnis
1399 385 1472 420 ho-

61 454 252 501 nestisque
282 455 395 490 rebus
429 467 518 490 vere
545 456 671 503 regius
709 462 792 491 erat
823 456 993 491 animus.
1039 456 1075 491 in
1117 456 1263 491 urbium
1297 454 1406 490 donis
1437 460 1474 489 et

60 524 215 560 deorum
248 523 360 558 cultu.
419 524 757 572 Megalopolitanis
787 526 823 561 in
858 525 1029 562 Arcadia
1061 538 1207 560 murum
1242 537 1281 560 se
1313 525 1471 559 circum-

61 593 235 629 daturum
270 593 353 628 urbi
383 602 439 629 est
469 594 672 641 pollicitus,
703 596 963 642 maioremque
985 602 1130 642 partem
1157 594 1324 642 pecuniae
1356 593 1472 630 dedit.

60 664 199 710 Tegeae
256 663 443 698 theatrum
508 665 749 711 magnificum
797 678 816 700 e
863 677 1055 700 marmore
1110 663 1238 699 facere
1301 661 1472 697 instituit.

60 732 187 781 Cyzici
219 735 253 768 in
285 734 478 780 Prytaneo
511 734 567 774 (id
598 743 652 769 cst
684 735 879 782 penetrale
910 734 1036 777 urbis,
1077 733 1139 769 ubi
1173 732 1345 780 publice,
1389 730 1471 778 qui-

60 802 128 837 bus
158 802 189 838 is
222 803 345 838 honos
376 802 488 838 datus
519 810 594 845 est,
639 809 862 847 vescuntur)
912 816 1007 839 vasa
1047 816 1164 839 aurea
1195 814 1335 838 mensae
1363 801 1473 836 unius

57 871 195 920 posuit.
263 871 447 916 Rhodiis,
492 878 530 907 ut
558 872 650 908 nihil
683 886 795 908 unum
828 874 997 921 insigne,
1043 874 1096 908 ita
1142 872 1265 908 omnis
1311 871 1474 918 generis,

60 948 99 977 ut
131 953 290 988 quaeque
323 953 412 977 usus
451 955 580 978 eorum
624 942 936 990 postulaverunt,
982 943 1084 978 dona
1126 942 1240 977 dedit.
1320 939 1473 987 Magni-

57 1011 215 1047 ficentiae
256 1023 348 1046 vero
393 1011 428 1047 in
474 1012 566 1048 deos
611 1013 670 1048 vel
715 1013 820 1048 Iovis
860 1013 1029 1061 Olympii
1074 1012 1255 1059 templum
1298 1010 1474 1054 Athenis,

58 1093 172 1116 unuxn
205 1081 240 1116 in
272 1081 382 1116 terris
412 1081 631 1118 inchoatum
668 1096 736 1130 pro
777 1082 1038 1129 magnitudine
1076 1082 1156 1125 dei,
1204 1088 1330 1128 potest
1377 1081 1474 1115 testi-

56 1152 171 1185 monio
204 1162 297 1186 esse.
364 1152 439 1187 Sed
471 1159 505 1187 et
530 1152 654 1188 Delon
686 1153 762 1188 aris
792 1152 1003 1199 insignibus
1037 1158 1330 1197 statuarumque
1361 1149 1474 1197 copia

57 1220 281 1263 exornavit,
313 1226 349 1255 et
378 1221 594 1256 Antiochiae
631 1222 736 1258 Iovis
765 1222 973 1270 Capitolini
1004 1221 1246 1269 magnificum
1278 1220 1473 1266 templum,

56 1302 130 1325 non
161 1289 380 1337 laqueatum
415 1303 510 1326 auro
542 1298 711 1333 tantum,
759 1293 825 1328 sed
870 1292 1080 1340 parietibus
1111 1290 1200 1325 totis
1230 1289 1374 1324 lamina
1418 1288 1472 1323 in-

57 1367 252 1403 auratum,
284 1366 320 1395 et
350 1360 424 1395 alia
457 1360 574 1395 multa
607 1361 643 1396 in
676 1361 759 1396 aliis
784 1361 879 1397 locis
911 1361 1121 1409 pollicituS,
1168 1359 1259 1406 quia
1289 1359 1475 1405 perbreve

59 1434 208 1476 tenipus
239 1430 344 1477 regni
376 1430 455 1465 eius
486 1430 581 1466 fuit.
612 1443 686 1465 non
718 1431 888 1478 perfecit.
973 1429 1287 1478 Spectaculorum
1321 1441 1475 1475 quoque

59 1499 181 1534 omnis
212 1499 360 1546 generis
393 1500 676 1547 magnificentia
705 1501 920 1548 superiores
951 1512 1060 1548 reges
1092 1500 1204 1543 vicit3
1239 1498 1475 1545 reliquorum

58 1568 116 1603 sui
147 1568 262 1603 moris
302 1577 339 1604 et
381 1570 492 1616 eopia
522 1569 746 1606 Graecorum
780 1571 986 1613 artificu1n3
1030 1569 1287 1617 gladiatorum
1324 1579 1473 1613 munus,

59 1637 244 1674 Rornanae
274 1639 568 1683 consuetudinis,
618 1640 742 1688 primo
774 1641 919 1676 maiore
959 1652 1044 1674 cum
1086 1646 1233 1674 terrore
1264 1638 1474 1680 hominum,

58 1706 291 1743 insuetorum
323 1709 371 1744 ad
398 1709 474 1745 tale
504 1710 777 1757 spectaculum,
810 1722 924 1758 qnam
950 1709 1148 1756 voluptate
1180 1708 1307 1750 dedit;
1338 1707 1473 1743 deinde

59 1777 196 1825 saepius
230 1778 376 1821 dando,
408 1785 444 1815 et
473 1780 588 1815 modo
621 1780 839 1815 volneribus
872 1787 992 1822 tenus,
1024 1778 1138 1813 modo
1169 1778 1250 1813 siue
1282 1777 1474 1820 missione,

60 1847 172 1883 etiam
204 1847 393 1884 familiare
423 1849 542 1885 oculis
573 1858 803 1897 gratumque
835 1849 873 1884 id
903 1848 1162 1896 spectaculum
1196 1846 1309 1889 fecit,
1341 1853 1378 1881 et
1409 1859 1471 1882 ar·

61 1929 206 1953 morum
252 1916 418 1952 studium
466 1918 656 1965 plerisque
705 1920 883 1955 iuvenum
934 1917 1120 1954 accendit.
1199 1917 1357 1963 Itaque,
1407 1915 1472 1962 qui

59 2063 96 2101 4,
134 2068 147 2095 l
197 2065 276 2105 quid
314 2052 437 2095 siuidbi
465 2063 566 2094 uellet
594 2068 611 2093 2
633 2051 777 2093 uideris-<2
804 2064 942 2103 quidam
999 2067 1018 2093 3
1048 2063 1160 2093 dubiae
1193 2062 1415 2093 inscanebant
1439 2062 1474 2092 in

59 2121 190 2153 duabus
272 2121 312 2158 5,
355 2126 374 2151 3
427 2131 540 2152 eorum
589 2121 715 2151 cultum
800 2120 840 2156 6,
868 2124 886 2151 2
929 2121 1020 2150 dedit
1063 2121 1219 2160 thegetea
1256 2107 1475 2159 inagnifieum

64 2177 95 2215 7,
126 2182 137 2208 1
171 2179 272 2219 cyzici
301 2186 500 2219 prytaneum
534 2177 659 2209 Duker.
708 2177 825 2219 (Gryn.
856 2177 894 2209 C.
932 2179 965 2208 in
1002 2177 1216 2218 prytaneum)
1241 2179 1245 2217 Ι
1269 2178 1360 2207 urbis
1398 2177 1474 2207 urbi

61 2236 204 2276 publicae
246 2241 263 2266 2
291 2237 324 2266 in
350 2237 459 2267 honos
510 2239 528 2266 3
556 2237 645 2266 rodis
673 2236 754 2265 nihil
781 2235 927 2265 Freinsh.
980 2239 998 2264 4
1028 2241 1062 2264 ut
1082 2244 1223 2273 quaquae
1250 2245 1330 2265 usus
1357 2244 1474 2265 eorum

63 2300 99 2323 ut
133 2303 198 2333 qua
229 2294 498 2334 postulauerunt.
568 2292 655 2324 IVum
691 2292 970 2333 postulaverant?
1029 2291 1062 2329 8,
1090 2295 1109 2322 2
1134 2301 1212 2322 uere
1241 2293 1396 2332 {olympi
1454 2295 1473 2321 3

62 2349 228 2381 incoatum
252 2351 257 2391 Ι
278 2357 390 2390 potest
415 2360 485 2381 esse
511 2351 569 2381 sed
597 2356 630 2380 et
657 2350 728 2390 My.
800 2350 918 2390 (Gryn.
960 2354 1073 2389 potest
1112 2349 1207 2379 testis
1241 2349 1328 2387 esse)
1394 2348 1426 2384 9,
1457 2352 1470 2379 1

63 2407 242 2438 delomaris
273 2407 366 2439 Gerlt.
414 2407 542 2438 Vossius
580 2406 697 2448 (Gryn.
739 2407 848 2437 Delon
876 2406 995 2444 maris)
1055 2410 1073 2436 2
1109 2407 1287 2436 anthiociae
1311 2407 1315 2445 Ι
1339 2406 1476 2446 capitoli

64 2466 82 2494 3
107 2464 271 2494 lammina
320 2465 374 2502 11,
403 2469 419 2495 2
449 2465 592 2496 maiores
619 2464 709 2502 (Cfr.
738 2462 776 2493 de
802 2463 831 2493 Ιι.
849 2462 867 2493 l.
896 2463 968 2494 Em.
995 2462 1098 2503 503.)
1148 2467 1167 2493 3
1194 2464 1369 2494 uoluntate
1419 2462 1474 2501 12,

64 2535 82 2562 2
109 2533 244 2571 tenuis!
274 2533 373 2564 etiam
406 2540 438 2564 et
471 2517 651 2564 familiario
682 2533 751 2573 ⁴119.
779 2532 852 2562 Em.
878 2531 900 2562 l.
928 2543 954 2562 c.
1018 2536 1038 2562 4
1064 2532 1249 2563 studiorum
1273 2534 1277 2570 l
1300 2532 1473 2561 iuiuenum

64 2587 118 2626 13,
151 2593 161 2620 l
198 2591 309 2631 itaque
336 2592 442 2631 primo
471 2591 527 2631 qui
573 2595 592 2621 2
613 2590 735 2631 praedis
761 2588 892 2631 KreysS.
921 2588 1036 2631 (Gryn.
1064 2589 1224 2630 praemiis)
1247 2590 1251 2628 Ι
1274 2597 1474 2628 accessgere

1506 387 1526 420 υἱ

1511 1426 1555 1460 10

1510 1567 1552 1602 ll

1510 1708 1555 1744 12

1510 1919 1555 1955 13
