1753 2934
276 125 323 160 32
835 124 1004 156 Periochae

222 254 434 291 Mandonius,
461 255 719 295 exposcentibus
745 256 916 293 Romanis,
950 266 970 286 a
999 255 1067 288 suis
1092 248 1235 288 deditus.
1285 257 1444 298 Magoni,
1477 259 1534 299 qui
1557 258 1623 290 Ais

220 315 378 354 bingauni
405 315 438 345 in
464 315 645 354 Liguribus
671 323 751 354 erat,
787 327 829 348 ex
854 317 973 348 Africa
1007 323 1040 348 et
1065 318 1206 348 militum
1237 318 1350 359 ampla
1375 329 1494 350 manus
1519 319 1622 350 missa

220 382 252 407 et
276 376 435 416 pecuniae,
468 376 587 415 quibus
612 377 739 408 auxilia
765 380 975 415 conduceret,
1007 385 1290 420 praeceptumque,
1316 385 1354 410 ut
1377 389 1412 411 sc
1437 380 1620 411 Hannibali

220 437 449 477 coniungeret.
507 437 620 479 Scipio
646 449 665 469 a
691 439 866 480 Syracusis
891 440 925 471 in
951 440 1101 471 Bruttios
1134 441 1265 471 traiecit
1299 447 1330 472 et
1355 441 1494 480 Locros,
1524 441 1622 482 pulso

219 498 349 529 Punico
374 499 529 538 praesidio
553 499 736 542 fugatoque
750 501 950 541 Hannibale,
977 502 1110 542 recepit.
1160 501 1234 532 Pax
1262 512 1336 532 cum
1351 502 1510 543 Philippo
1534 501 1623 533 facta

221 565 279 591 est.
329 559 441 590 Mater
474 560 564 591 Idaea
597 562 772 602 deportata
797 569 846 594 est
871 563 1012 594 Romam
1040 574 1059 594 a
1082 562 1284 594 Pessinunte
1310 563 1432 604 oppido
1456 562 1622 604 Phrygiae,

221 622 365 652 carmine
403 621 436 652 in
477 622 569 653 libris
597 623 769 663 Sibyllinis
805 625 956 661 invento,
996 625 1074 665 pelli
1107 624 1207 655 Italia
1239 624 1459 663 alienigenam
1492 625 1621 656 hostem

219 692 334 723 posse.
376 683 402 714 si
439 690 545 716 mater
580 684 671 716 Idaea
716 686 893 726 deportata
930 685 1072 716 Romam
1110 691 1214 722 esset;
1261 686 1385 716 tradita
1425 690 1477 716 est
1512 691 1621 717 autem

220 744 381 775 Romanis
406 755 464 786 per
493 747 642 777 Attalum
669 756 781 786 regem
811 747 912 777 Asiae.
968 747 1071 786 Lapis
1105 752 1192 786 erat,
1232 755 1330 786 quem
1357 753 1497 778 matrem
1524 747 1623 778 deum

219 806 339 837 incolae
367 807 534 838 dicebant.
600 808 744 848 Excepit
768 808 806 839 P.
834 808 947 848 Scipio
980 807 1106 838 Nasica
1131 806 1192 838 Cn.
1229 808 1329 846 filius,
1365 808 1457 846 eius,
1499 808 1554 849 qui
1589 809 1621 839 in

220 867 382 908 Hispania
407 868 567 908 perierat,
602 870 651 899 vir
676 870 820 910 optimus
847 879 867 900 a
893 875 1010 900 senatu
1036 870 1219 908 iudicatus,
1253 870 1449 901 adolescens
1474 869 1621 900 nondum

220 930 433 970 quaestorius,
472 931 628 969 quoniam
667 931 713 961 ita
745 941 939 971 responsum
973 932 1126 964 iubebat.
1158 938 1193 962 ut
1219 932 1252 962 id
1279 941 1402 962 numen
1429 931 1470 962 ab
1497 930 1623 972 optimo

220 991 291 1021 viro
317 991 519 1032 reciperetur
545 999 874 1032 consecraretur-que.
925 993 1108 1025 Locrenses
1133 993 1262 1033 legatos
1280 994 1421 1024 Romam
1448 993 1623 1031 miserunt,

220 1053 276 1092 qui
302 1053 341 1083 de
368 1053 576 1093 impudentia
603 1053 759 1084 Pleminii
790 1055 892 1094 legati
920 1060 1155 1095 quererentur,
1193 1055 1247 1095 qui
1285 1054 1461 1095 pecuniam
1486 1054 1625 1086 Proser-

219 1115 306 1155 pinae
334 1114 513 1145 sustulerat
539 1122 571 1145 et
597 1114 720 1145 liberos
754 1126 869 1147 eorum
904 1127 942 1147 ae
978 1117 1138 1156 coniuges
1165 1122 1384 1157 stupraverat.
1433 1116 1471 1147 In
1499 1117 1624 1148 catenis

220 1175 360 1206 Romam
399 1177 577 1216 perductus
615 1177 648 1206 in
684 1186 815 1207 carcerc
848 1183 898 1209 est
930 1184 1090 1208 mortuus.
1163 1176 1271 1214 Quum
1307 1177 1413 1209 salsus
1446 1187 1558 1208 rumor
1583 1177 1624 1208 de

219 1237 257 1268 P.
287 1237 444 1278 Scipione
471 1247 613 1278 procos„
641 1238 696 1277 qni
723 1234 756 1268 in
783 1240 898 1270 Sicilia
923 1246 1004 1279 crat,
1042 1239 1075 1269 in
1099 1239 1214 1269 urbem
1242 1239 1389 1279 perlatus
1414 1245 1513 1276 esset,
1549 1244 1623 1269 tan·

222 1308 321 1337 qnam
348 1299 375 1329 is
400 1299 638 1335 luxuriaretur,
665 1300 773 1331 missis
799 1301 840 1330 ob
870 1300 935 1331 hoc
961 1300 1081 1339 legatis
1107 1310 1125 1330 a
1151 1306 1280 1339 senatu,
1319 1302 1373 1340 qui
1401 1300 1624 1342 explorarent.

220 1370 262 1390 an
289 1369 328 1389 ea
354 1369 432 1390 vera
459 1369 581 1399 essent,
608 1367 770 1402 purgatus
796 1361 933 1392 infamia
948 1361 1061 1401 Scipio
1087 1361 1119 1391 in
1138 1360 1286 1392 Africam
1303 1363 1468 1401 permissu
1488 1366 1624 1393 senatus

221 1420 359 1451 traiecit.
412 1421 560 1462 Syphax,
598 1430 739 1464 accepta.
772 1424 803 1453 in
830 1423 1078 1453 matrimonium
1108 1423 1177 1453 filia
1202 1422 1422 1454 Hasdrubalis
1451 1422 1622 1463 Gisgonis,

220 1482 396 1525 amicitiae,
443 1492 542 1522 quam
576 1493 650 1515 cum
683 1484 840 1525 Scipione
875 1485 1047 1523 iunxerat,
1085 1485 1299 1515 renuntiavit.
1355 1484 1532 1515 Masinissa
1564 1494 1623 1514 rex

221 1543 458 1583 Massyliorum
493 1545 572 1575 dum
607 1556 668 1586 pro
697 1545 1029 1585 Carthaginiensibus
1064 1546 1097 1577 in
1124 1547 1286 1586 Hispania
1322 1546 1458 1578 militat.
1500 1544 1624 1576 amisso

222 1613 314 1645 patre
343 1605 427 1636 Gala
452 1606 492 1636 de
519 1616 622 1646 regno
650 1608 832 1638 exciderat.
884 1607 960 1645 Quo
986 1618 1045 1648 per
1069 1607 1195 1639 bellum
1217 1617 1305 1648 saepe
1333 1607 1471 1648 repetito
1498 1606 1625 1646 aliquot

222 1668 347 1708 proeliis
374 1679 393 1698 a
420 1667 574 1709 Syphace
609 1678 687 1708 rege
714 1669 935 1699 Numidarum
962 1669 1067 1699 victus
1103 1669 1135 1699 in
1171 1674 1276 1699 totum
1305 1669 1455 1710 privatus
1488 1675 1556 1705 est,
1594 1674 1625 1699 et

222 1739 297 1760 cnm
323 1730 473 1760 ducentis
500 1731 668 1769 equitibus
686 1731 779 1762 exsul
799 1731 946 1770 Scipioni
974 1740 1008 1761 se
1034 1730 1141 1760 iunxit
1166 1736 1291 1760 etcum
1318 1740 1357 1760 eo
1383 1730 1489 1771 primo
1515 1729 1623 1760 statim

223 1791 313 1821 bello
338 1791 539 1822 Hannonem
565 1791 768 1823 Hamilcaris
792 1792 896 1822 filium
924 1802 998 1822 eum
1026 1792 1136 1832 ampla
1162 1801 1261 1823 manu
1288 1791 1466 1822 interemit.
1514 1790 1625 1831 Scipio

222 1854 367 1883 adventu
392 1852 617 1884 Hasdrubalis
644 1860 676 1883 et
703 1853 884 1893 Syphacis,
923 1854 976 1894 qui
1003 1863 1104 1894 prope
1131 1862 1205 1883 eum
1244 1859 1375 1883 eentum
1403 1852 1551 1884 millibus
1574 1862 1626 1883 ar-

223 1920 387 1945 matorum
419 1921 595 1952 venerant,
631 1915 673 1946 ab
707 1915 879 1945 obsidione
905 1915 1011 1945 Uticae
1042 1914 1199 1955 depulsus
1233 1914 1372 1945 hiberna
1398 1914 1624 1945 communivit.

224 1976 442 2016 Sempronius
475 1987 543 2007 cos.
583 1976 617 2006 in
655 1986 737 2016 agro
771 1975 986 2007 Crotoniensi
1024 1984 1181 2016 prospere
1216 1975 1375 2006 adversus
1402 1976 1627 2007 Hannibalem

222 2038 396 2078 pugnavit.
448 2037 540 2068 Inter
574 2047 730 2069 censores
763 2038 809 2068 M.
838 2038 970 2069 Livium
1005 2042 1038 2067 ct
1063 2035 1239 2067 Claudium
1266 2036 1432 2068 Neronem
1470 2037 1628 2068 notabilis

225 2099 394 2130 discordia
419 2098 499 2138 suit3
536 2110 613 2130 nam
654 2106 685 2130 et
712 2099 874 2131 Claudius
900 2100 996 2130 Livio
1029 2099 1168 2138 eollegoe
1203 2108 1326 2138 equum
1361 2099 1501 2135 ademit,
1539 2098 1628 2139 quod

225 2171 244 2190 a
268 2161 394 2201 populo
421 2161 599 2192 damnatus
625 2167 788 2200 actusque
808 2161 840 2190 in
860 2160 1016 2191 exsilium
1033 2160 1152 2198 suerat,
1181 2167 1212 2190 et
1230 2161 1343 2192 Livius
1359 2160 1513 2198 Claudio,
1539 2160 1628 2200 quod

225 2221 346 2253 falsum
385 2223 419 2252 in
457 2233 491 2254 se
527 2224 754 2254 testimonium
792 2223 933 2253 dixisset
968 2228 1001 2253 et
1033 2223 1123 2261 quod
1156 2232 1222 2253 non
1248 2223 1338 2253 bona.
1364 2222 1427 2252 fide
1454 2231 1566 2253 secum
1595 2222 1629 2252 in

226 2285 365 2323 gratiam
405 2285 554 2316 redisset.
616 2285 708 2315 Idem
747 2292 864 2315 omnes
899 2283 1007 2313 tribus
1048 2289 1145 2313 extra
1176 2293 1277 2314 unam
1316 2283 1449 2314 aerarias
1484 2283 1629 2323 reliquit,

226 2347 312 2385 quod
340 2352 373 2376 et
397 2346 611 2378 innocentem
649 2357 682 2378 se
719 2347 936 2377 damnassent
969 2350 1001 2374 et
1025 2345 1164 2385 posthae
1191 2345 1360 2376 consulem
1387 2353 1630 2385 censoremque

225 2406 394 2438 fecissent.
446 2407 605 2439 Lustrum
646 2419 666 2439 a
699 2407 893 2439 censoribus
936 2406 1108 2437 conditum
1146 2414 1210 2444 est;
1255 2416 1356 2438 censa.
1392 2412 1470 2437 sunt
1507 2406 1630 2438 civium

227 2470 337 2511 capita
363 2460 518 2501 CCXIV.

772 2515 835 2546 EX
862 2515 951 2547 LIB.
978 2514 1091 2545 XXX.

321 2591 429 2634 Scipio
464 2593 496 2622 in
524 2591 641 2623 Africa
670 2592 965 2632 Carthaginienses
999 2597 1032 2622 et
1064 2591 1208 2621 eundem
1245 2590 1433 2632 Syphacem
1464 2589 1631 2621 Numidiae

228 2664 338 2694 regem
356 2654 670 2695 Hasdrubalemque
696 2655 847 2695 pluribus
871 2653 997 2695 proeliis
1022 2653 1102 2684 vicit
1127 2653 1304 2684 adiuvante
1329 2653 1527 2692 Masinissa;
1552 2652 1633 2684 bina
