<?xml version="1.0" encoding="UTF-8"?>
<!DOCTYPE html PUBLIC "-//W3C//DTD XHTML 1.0 Transitional//EN"
    "http://www.w3.org/TR/xhtml1/DTD/xhtml1-transitional.dtd">
<html xmlns="http://www.w3.org/1999/xhtml" xml:lang="en" lang="en">
 <head>
  <title>
</title>
<meta http-equiv="Content-Type" content="text/html;charset=utf-8" />
  <meta name='ocr-system' content='tesseract 3.04.00' />
  <meta name='ocr-capabilities' content='ocr_page ocr_carea ocr_par ocr_line ocrx_word'/>
</head>
<body>
  <div class='ocr_page' id='page_1' title='image "./p1historiarumrom04livyuoft_0105.png"; bbox 0 0 1742 2902; ppageno 0'>
   <div class='ocr_carea' id='block_1_1' title="bbox 453 108 1380 147">
    <p class='ocr_par' dir='ltr' id='par_1_1' title="bbox 453 108 1380 147">
     <span class='ocr_line' id='line_1_1' title="bbox 453 108 1380 147; baseline 0.005 -9"><span class='ocrx_word' id='word_1_1' title='bbox 453 109 554 139; x_wconf 81' lang='lat' dir='ltr'>Liber</span> <span class='ocrx_word' id='word_1_2' title='bbox 579 108 688 139; x_wconf 81' lang='lat' dir='ltr'>XLH.</span> <span class='ocrx_word' id='word_1_3' title='bbox 723 111 784 146; x_wconf 84' lang='grc' dir='ltr'>(Α.</span> <span class='ocrx_word' id='word_1_4' title='bbox 805 108 884 138; x_wconf 83' lang='lat' dir='ltr'>Chr.</span> <span class='ocrx_word' id='word_1_5' title='bbox 911 110 1002 147; x_wconf 83' lang='lat'>171.)</span> <span class='ocrx_word' id='word_1_6' title='bbox 1334 111 1380 143; x_wconf 83' lang='lat'>75</span> 
     </span>
    </p>
   </div>
   <div class='ocr_carea' id='block_1_2' title="bbox 26 229 1441 544">
    <p class='ocr_par' dir='ltr' id='par_1_2' title="bbox 26 229 1441 544">
     <span class='ocr_line' id='line_1_2' title="bbox 27 229 1439 279; baseline -0.005 -9"><span class='ocrx_word' id='word_1_7' title='bbox 27 234 237 276; x_wconf 89' lang='lat' dir='ltr'>militones,</span> <span class='ocrx_word' id='word_1_8' title='bbox 285 232 355 267; x_wconf 86' lang='lat' dir='ltr'>etsi</span> <span class='ocrx_word' id='word_1_9' title='bbox 388 231 645 279; x_wconf 81' lang='lat' dir='ltr'>appellatione</span> <span class='ocrx_word' id='word_1_10' title='bbox 677 233 844 267; x_wconf 59' lang='lat' dir='ltr'>vestrum</span> <span class='ocrx_word' id='word_1_11' title='bbox 877 231 1070 279; x_wconf 82' lang='lat' dir='ltr'>usurpatis</span> <span class='ocrx_word' id='word_1_12' title='bbox 1102 230 1182 273; x_wconf 88' lang='lat' dir='ltr'>ius,</span> <span class='ocrx_word' id='word_1_13' title='bbox 1227 241 1311 265; x_wconf 89' lang='lat' dir='ltr'>cum</span> <span class='ocrx_word' id='word_1_14' title='bbox 1344 229 1439 264; x_wconf 92' lang='lat' dir='ltr'>adu-</span> 
     </span>
     <span class='ocr_line' id='line_1_3' title="bbox 27 298 1437 348; baseline -0.003 -10"><span class='ocrx_word' id='word_1_15' title='bbox 27 303 210 338; x_wconf 82' lang='lat' dir='ltr'>lescentes</span> <span class='ocrx_word' id='word_1_16' title='bbox 239 300 331 336; x_wconf 92' lang='lat' dir='ltr'>nihil</span> <span class='ocrx_word' id='word_1_17' title='bbox 362 300 545 336; x_wconf 87' lang='lat' dir='ltr'>adversus</span> <span class='ocrx_word' id='word_1_18' title='bbox 588 301 878 348; x_wconf 77' lang='lat' dir='ltr'><strong>magistratuum</strong></span> <span class='ocrx_word' id='word_1_19' title='bbox 910 307 1142 346; x_wconf 78' lang='lat' dir='ltr'><strong>senatusque</strong></span> <span class='ocrx_word' id='word_1_20' title='bbox 1173 298 1437 334; x_wconf 86' lang='lat' dir='ltr'>auctoritatem</span> 
     </span>
     <span class='ocr_line' id='line_1_4' title="bbox 27 369 1440 418; baseline -0.004 -11"><span class='ocrx_word' id='word_1_21' title='bbox 27 382 189 418; x_wconf 81' lang='lat' dir='ltr'>usquam</span> <span class='ocrx_word' id='word_1_22' title='bbox 230 369 419 412; x_wconf 82' lang='lat' dir='ltr'>feceritis,</span> <span class='ocrx_word' id='word_1_23' title='bbox 459 382 557 405; x_wconf 91' lang='lat' dir='ltr'>nunc</span> <span class='ocrx_word' id='word_1_24' title='bbox 600 381 753 417; x_wconf 89' lang='lat' dir='ltr'>quoque</span> <span class='ocrx_word' id='word_1_25' title='bbox 796 370 834 404; x_wconf 89' lang='lat' dir='ltr'>in</span> <span class='ocrx_word' id='word_1_26' title='bbox 865 375 1054 416; x_wconf 80' lang='lat' dir='ltr'>potestate</span> <span class='ocrx_word' id='word_1_27' title='bbox 1088 374 1243 404; x_wconf 89' lang='lat' dir='ltr'>senatus</span> <span class='ocrx_word' id='word_1_28' title='bbox 1274 379 1318 402; x_wconf 83' lang='lat' dir='ltr'>ac</span> <span class='ocrx_word' id='word_1_29' title='bbox 1347 379 1440 402; x_wconf 91' lang='lat' dir='ltr'>con-</span> 
     </span>
     <span class='ocr_line' id='line_1_5' title="bbox 26 436 1441 484; baseline -0.003 -9"><span class='ocrx_word' id='word_1_30' title='bbox 26 439 148 476; x_wconf 80' lang='lat' dir='ltr'>sulum</span> <span class='ocrx_word' id='word_1_31' title='bbox 181 449 276 481; x_wconf 77' lang='lat' dir='ltr'>esse,</span> <span class='ocrx_word' id='word_1_32' title='bbox 307 445 343 474; x_wconf 91' lang='lat' dir='ltr'>et</span> <span class='ocrx_word' id='word_1_33' title='bbox 374 439 503 474; x_wconf 89' lang='lat' dir='ltr'>omnia</span> <span class='ocrx_word' id='word_1_34' title='bbox 533 439 694 474; x_wconf 85' lang='lat' dir='ltr'>honesta</span> <span class='ocrx_word' id='word_1_35' title='bbox 709 439 795 474; x_wconf 88' lang='lat' dir='ltr'>loca</span> <span class='ocrx_word' id='word_1_36' title='bbox 817 438 965 481; x_wconf 88' lang='lat' dir='ltr'>ducere,</span> <span class='ocrx_word' id='word_1_37' title='bbox 998 438 1134 484; x_wconf 88' lang='lat' dir='ltr'>quibus</span> <span class='ocrx_word' id='word_1_38' title='bbox 1151 449 1229 473; x_wconf 89' lang='lat' dir='ltr'>rem</span> <span class='ocrx_word' id='word_1_39' title='bbox 1248 436 1441 484; x_wconf 86' lang='lat' dir='ltr'>publicam</span> 
     </span>
     <span class='ocr_line' id='line_1_6' title="bbox 28 506 359 544; baseline -0.006 0"><span class='ocrx_word' id='word_1_40' title='bbox 28 506 220 544; x_wconf 84' lang='lat' dir='ltr'>defensuri</span> <span class='ocrx_word' id='word_1_41' title='bbox 241 507 359 543; x_wconf 82' lang='lat' dir='ltr'>sitis.“</span> 
     </span>
    </p>
   </div>
   <div class='ocr_carea' id='block_1_3' title="bbox 138 575 1442 620">
    <p class='ocr_par' dir='ltr' id='par_1_3' title="bbox 138 575 1442 620">
     <span class='ocr_line' id='line_1_7' title="bbox 138 575 1442 620; baseline -0.002 -8"><span class='ocrx_word' id='word_1_42' title='bbox 138 576 233 612; x_wconf 83' lang='lat' dir='ltr'>Haec</span> <span class='ocrx_word' id='word_1_43' title='bbox 264 576 327 612; x_wconf 93' lang='lat' dir='ltr'>ubi</span> <span class='ocrx_word' id='word_1_44' title='bbox 359 576 466 620; x_wconf 84' lang='lat' dir='ltr'>dixit,</span> <span class='ocrx_word' id='word_1_45' title='bbox 496 576 768 612; x_wconf 81' lang='lat' dir='ltr'>conlaudatum</span> <span class='ocrx_word' id='word_1_46' title='bbox 801 576 929 611; x_wconf 87' lang='lat' dir='ltr'>multis</span> <span class='ocrx_word' id='word_1_47' title='bbox 950 575 1078 611; x_wconf 84' lang='lat' dir='ltr'>verbis</span> <span class='ocrx_word' id='word_1_48' title='bbox 1111 575 1243 610; x_wconf 87' lang='lat' dir='ltr'>consul</span> <span class='ocrx_word' id='word_1_49' title='bbox 1274 587 1321 610; x_wconf 86' lang='lat' dir='ltr'>ex</span> <span class='ocrx_word' id='word_1_50' title='bbox 1352 586 1442 610; x_wconf 91' lang='lat' dir='ltr'>con-</span> 
     </span>
    </p>
   </div>
   <div class='ocr_carea' id='block_1_4' title="bbox 28 644 1482 693">
    <p class='ocr_par' dir='ltr' id='par_1_4' title="bbox 28 644 1482 693">
     <span class='ocr_line' id='line_1_8' title="bbox 28 644 1482 693; baseline -0.003 -10"><span class='ocrx_word' id='word_1_51' title='bbox 28 646 130 683; x_wconf 90' lang='lat' dir='ltr'>tione</span> <span class='ocrx_word' id='word_1_52' title='bbox 158 646 197 682; x_wconf 96' lang='lat' dir='ltr'>in</span> <span class='ocrx_word' id='word_1_53' title='bbox 227 652 400 681; x_wconf 89' lang='lat' dir='ltr'>senatum</span> <span class='ocrx_word' id='word_1_54' title='bbox 433 645 554 683; x_wconf 80' lang='lat' dir='ltr'>duxit.</span> <span class='ocrx_word' id='word_1_55' title='bbox 609 646 669 682; x_wconf 93' lang='lat' dir='ltr'>Ibi</span> <span class='ocrx_word' id='word_1_56' title='bbox 701 658 854 693; x_wconf 89' lang='lat' dir='ltr'>quoque</span> <span class='ocrx_word' id='word_1_57' title='bbox 885 646 919 681; x_wconf 93' lang='lat' dir='ltr'>ei</span> <span class='ocrx_word' id='word_1_58' title='bbox 950 657 997 681; x_wconf 86' lang='lat' dir='ltr'>ex</span> <span class='ocrx_word' id='word_1_59' title='bbox 1029 644 1255 680; x_wconf 84' lang='lat' dir='ltr'>auctoritate</span> <span class='ocrx_word' id='word_1_60' title='bbox 1288 650 1442 679; x_wconf 86' lang='lat' dir='ltr'>senatus</span> <span class='ocrx_word' id='word_1_61' title='bbox 1475 649 1482 656; x_wconf 85' lang='lat'><strong>‘</strong></span> 
     </span>
    </p>
   </div>
   <div class='ocr_carea' id='block_1_5' title="bbox 26 713 1442 763">
    <p class='ocr_par' dir='ltr' id='par_1_5' title="bbox 26 713 1442 763">
     <span class='ocr_line' id='line_1_9' title="bbox 26 713 1442 763; baseline -0.003 -11"><span class='ocrx_word' id='word_1_62' title='bbox 26 714 160 763; x_wconf 82' lang='lat' dir='ltr'>gratiae</span> <span class='ocrx_word' id='word_1_63' title='bbox 201 720 308 758; x_wconf 88' lang='lat' dir='ltr'>actae,</span> <span class='ocrx_word' id='word_1_64' title='bbox 351 715 569 762; x_wconf 90' lang='lat' dir='ltr'>tribunique</span> <span class='ocrx_word' id='word_1_65' title='bbox 615 715 798 751; x_wconf 88' lang='lat' dir='ltr'>militares</span> <span class='ocrx_word' id='word_1_66' title='bbox 843 715 880 750; x_wconf 92' lang='lat' dir='ltr'>in</span> <span class='ocrx_word' id='word_1_67' title='bbox 928 714 1078 761; x_wconf 88' lang='lat' dir='ltr'>legione</span> <span class='ocrx_word' id='word_1_68' title='bbox 1119 715 1243 761; x_wconf 88' lang='lat' dir='ltr'>prima</span> <span class='ocrx_word' id='word_1_69' title='bbox 1279 713 1442 761; x_wconf 90' lang='lat' dir='ltr'>primum</span> 
     </span>
    </p>
   </div>
   <div class='ocr_carea' id='block_1_6' title="bbox 28 781 1443 833">
    <p class='ocr_par' dir='ltr' id='par_1_6' title="bbox 28 781 1443 833">
     <span class='ocr_line' id='line_1_10' title="bbox 28 781 1443 833; baseline -0.001 -14"><span class='ocrx_word' id='word_1_70' title='bbox 28 785 144 833; x_wconf 89' lang='lat' dir='ltr'>pilum</span> <span class='ocrx_word' id='word_1_71' title='bbox 175 784 326 819; x_wconf 80' lang='lat' dir='ltr'>virtutis</span> <span class='ocrx_word' id='word_1_72' title='bbox 357 796 475 820; x_wconf 84' lang='lat' dir='ltr'>causa</span> <span class='ocrx_word' id='word_1_73' title='bbox 515 785 548 820; x_wconf 91' lang='lat' dir='ltr'>ei</span> <span class='ocrx_word' id='word_1_74' title='bbox 579 785 841 833; x_wconf 80' lang='lat' dir='ltr'>adsignarunt.</span> <span class='ocrx_word' id='word_1_75' title='bbox 918 781 1043 819; x_wconf 90' lang='lat' dir='ltr'>Ceteri</span> <span class='ocrx_word' id='word_1_76' title='bbox 1083 783 1343 826; x_wconf 77' lang='lat' dir='ltr'>centuriones,</span> <span class='ocrx_word' id='word_1_77' title='bbox 1386 794 1443 818; x_wconf 88' lang='lat' dir='ltr'>re-</span> 
     </span>
    </p>
   </div>
   <div class='ocr_carea' id='block_1_7' title="bbox 30 852 1486 901">
    <p class='ocr_par' dir='ltr' id='par_1_7' title="bbox 30 852 1486 901">
     <span class='ocr_line' id='line_1_11' title="bbox 30 852 1486 901; baseline -0.003 -11"><span class='ocrx_word' id='word_1_78' title='bbox 30 854 145 890; x_wconf 87' lang='lat' dir='ltr'>missa</span> <span class='ocrx_word' id='word_1_79' title='bbox 176 853 445 901; x_wconf 81' lang='lat' dir='ltr'>appellatione,</span> <span class='ocrx_word' id='word_1_80' title='bbox 477 853 525 888; x_wconf 90' lang='lat' dir='ltr'>ad</span> <span class='ocrx_word' id='word_1_81' title='bbox 556 854 734 890; x_wconf 88' lang='lat' dir='ltr'>dilectum</span> <span class='ocrx_word' id='word_1_82' title='bbox 767 853 988 889; x_wconf 82' lang='lat' dir='ltr'>obedienter</span> <span class='ocrx_word' id='word_1_83' title='bbox 1017 852 1309 899; x_wconf 81' lang='lat' dir='ltr'>responderunt.</span> <span class='ocrx_word' id='word_1_84' title='bbox 1357 852 1443 898; x_wconf 84' lang='lat' dir='ltr'>Quo</span> <span class='ocrx_word' id='word_1_85' title='bbox 1477 875 1486 885; x_wconf 47' lang='grc' dir='ltr'>ι</span> 
     </span>
    </p>
   </div>
   <div class='ocr_carea' id='block_1_8' title="bbox 28 921 1447 1387">
    <p class='ocr_par' dir='ltr' id='par_1_8' title="bbox 28 921 1447 1387">
     <span class='ocr_line' id='line_1_12' title="bbox 29 921 1446 969; baseline -0.004 -9"><span class='ocrx_word' id='word_1_86' title='bbox 29 923 214 960; x_wconf 81' lang='lat' dir='ltr'>maturius</span> <span class='ocrx_word' id='word_1_87' title='bbox 264 922 302 958; x_wconf 90' lang='lat' dir='ltr'>in</span> <span class='ocrx_word' id='word_1_88' title='bbox 351 922 570 969; x_wconf 84' lang='lat' dir='ltr'>provincias</span> <span class='ocrx_word' id='word_1_89' title='bbox 616 922 863 969; x_wconf 81' lang='lat' dir='ltr'>magistratus</span> <span class='ocrx_word' id='word_1_90' title='bbox 908 921 1259 968; x_wconf 79' lang='lat' dir='ltr'>proficiscerentur.</span> <span class='ocrx_word' id='word_1_91' title='bbox 1297 921 1446 957; x_wconf 77' lang='lat' dir='ltr'>Latinae</span> 
     </span>
     <span class='ocr_line' id='line_1_13' title="bbox 28 989 1446 1038; baseline -0.003 -8"><span class='ocrx_word' id='word_1_92' title='bbox 28 993 214 1030; x_wconf 85' lang='lat' dir='ltr'>Kalendis</span> <span class='ocrx_word' id='word_1_93' title='bbox 244 992 365 1028; x_wconf 90' lang='lat' dir='ltr'>Iuniis</span> <span class='ocrx_word' id='word_1_94' title='bbox 387 992 519 1036; x_wconf 84' lang='lat' dir='ltr'>fuere,</span> <span class='ocrx_word' id='word_1_95' title='bbox 563 1003 685 1038; x_wconf 90' lang='lat' dir='ltr'>eoque</span> <span class='ocrx_word' id='word_1_96' title='bbox 715 990 890 1027; x_wconf 89' lang='lat' dir='ltr'>sollemni</span> <span class='ocrx_word' id='word_1_97' title='bbox 926 989 1121 1038; x_wconf 87' lang='lat' dir='ltr'>perfecto,</span> <span class='ocrx_word' id='word_1_98' title='bbox 1170 989 1214 1027; x_wconf 86' lang='lat' dir='ltr'>C.</span> <span class='ocrx_word' id='word_1_99' title='bbox 1246 991 1446 1026; x_wconf 86' lang='lat' dir='ltr'>Lucretius</span> 
     </span>
     <span class='ocr_line' id='line_1_14' title="bbox 28 1059 1445 1112; baseline -0.004 -13"><span class='ocrx_word' id='word_1_100' title='bbox 28 1069 180 1112; x_wconf 76' lang='lat' dir='ltr'>praetor,</span> <span class='ocrx_word' id='word_1_101' title='bbox 211 1061 400 1106; x_wconf 86' lang='lat' dir='ltr'>omnibus,</span> <span class='ocrx_word' id='word_1_102' title='bbox 431 1073 515 1109; x_wconf 90' lang='lat' dir='ltr'>quae</span> <span class='ocrx_word' id='word_1_103' title='bbox 531 1061 579 1096; x_wconf 89' lang='lat' dir='ltr'>ad</span> <span class='ocrx_word' id='word_1_104' title='bbox 602 1061 762 1097; x_wconf 83' lang='lat' dir='ltr'>classem</span> <span class='ocrx_word' id='word_1_105' title='bbox 793 1072 890 1108; x_wconf 89' lang='lat' dir='ltr'>opus</span> <span class='ocrx_word' id='word_1_106' title='bbox 920 1066 1040 1103; x_wconf 89' lang='lat' dir='ltr'>erant,</span> <span class='ocrx_word' id='word_1_107' title='bbox 1071 1059 1290 1107; x_wconf 80' lang='lat' dir='ltr'>praemissis,</span> <span class='ocrx_word' id='word_1_108' title='bbox 1320 1060 1445 1095; x_wconf 85' lang='lat' dir='ltr'>Brun-</span> 
     </span>
     <span class='ocr_line' id='line_1_15' title="bbox 29 1129 1446 1179; baseline -0.003 -11"><span class='ocrx_word' id='word_1_109' title='bbox 29 1132 165 1169; x_wconf 88' lang='lat' dir='ltr'>disium</span> <span class='ocrx_word' id='word_1_110' title='bbox 197 1137 254 1168; x_wconf 86' lang='lat' dir='ltr'>est</span> <span class='ocrx_word' id='word_1_111' title='bbox 289 1130 497 1179; x_wconf 78' lang='lat' dir='ltr'>profectus,</span> <span class='ocrx_word' id='word_1_112' title='bbox 575 1131 722 1166; x_wconf 86' lang='lat' dir='ltr'>Praeter</span> <span class='ocrx_word' id='word_1_113' title='bbox 766 1141 832 1165; x_wconf 85' lang='lat' dir='ltr'>eos</span> <span class='ocrx_word' id='word_1_114' title='bbox 875 1129 1084 1173; x_wconf 80' lang='lat' dir='ltr'>exercitus,</span> <span class='ocrx_word' id='word_1_115' title='bbox 1130 1141 1226 1176; x_wconf 89' lang='lat' dir='ltr'>quos</span> <span class='ocrx_word' id='word_1_116' title='bbox 1272 1129 1446 1164; x_wconf 90' lang='lat' dir='ltr'>consules</span> 
     </span>
     <span class='ocr_line' id='line_1_16' title="bbox 29 1199 1446 1250; baseline -0.004 -12"><span class='ocrx_word' id='word_1_117' title='bbox 29 1202 316 1250; x_wconf 83' lang='lat' dir='ltr'>conparabant,</span> <span class='ocrx_word' id='word_1_118' title='bbox 350 1199 392 1236; x_wconf 87' lang='lat' dir='ltr'>C.</span> <span class='ocrx_word' id='word_1_119' title='bbox 424 1199 594 1247; x_wconf 88' lang='lat' dir='ltr'>Sulpicio</span> <span class='ocrx_word' id='word_1_120' title='bbox 625 1199 763 1236; x_wconf 86' lang='lat' dir='ltr'>Galbae</span> <span class='ocrx_word' id='word_1_121' title='bbox 794 1199 948 1247; x_wconf 82' lang='lat' dir='ltr'>praetori</span> <span class='ocrx_word' id='word_1_122' title='bbox 978 1199 1173 1246; x_wconf 86' lang='lat' dir='ltr'>negotium</span> <span class='ocrx_word' id='word_1_123' title='bbox 1208 1199 1361 1241; x_wconf 87' lang='lat' dir='ltr'>datum,</span> <span class='ocrx_word' id='word_1_124' title='bbox 1407 1204 1446 1233; x_wconf 90' lang='lat' dir='ltr'>ut</span> 
     </span>
     <span class='ocr_line' id='line_1_17' title="bbox 29 1267 1446 1317; baseline -0.002 -11"><span class='ocrx_word' id='word_1_125' title='bbox 29 1276 212 1317; x_wconf 77' lang='lat' dir='ltr'>quat-tuor</span> <span class='ocrx_word' id='word_1_126' title='bbox 257 1270 426 1317; x_wconf 83' lang='lat' dir='ltr'>legiones</span> <span class='ocrx_word' id='word_1_127' title='bbox 468 1270 651 1306; x_wconf 82' lang='lat' dir='ltr'>scriberet</span> <span class='ocrx_word' id='word_1_128' title='bbox 695 1270 885 1311; x_wconf 86' lang='lat' dir='ltr'>urbanas,</span> <span class='ocrx_word' id='word_1_129' title='bbox 935 1269 1034 1304; x_wconf 89' lang='lat' dir='ltr'>iusto</span> <span class='ocrx_word' id='word_1_130' title='bbox 1073 1280 1232 1304; x_wconf 89' lang='lat' dir='ltr'>numero</span> <span class='ocrx_word' id='word_1_131' title='bbox 1277 1267 1446 1316; x_wconf 90' lang='lat' dir='ltr'>peditum</span> 
     </span>
     <span class='ocr_line' id='line_1_18' title="bbox 30 1337 1447 1387; baseline -0.001 -12"><span class='ocrx_word' id='word_1_132' title='bbox 30 1339 290 1387; x_wconf 88' lang='lat' dir='ltr'>equitumque,</span> <span class='ocrx_word' id='word_1_133' title='bbox 319 1339 442 1386; x_wconf 88' lang='lat' dir='ltr'>iisque</span> <span class='ocrx_word' id='word_1_134' title='bbox 473 1344 655 1386; x_wconf 88' lang='lat' dir='ltr'>quattuor</span> <span class='ocrx_word' id='word_1_135' title='bbox 685 1339 858 1375; x_wconf 88' lang='lat' dir='ltr'>tribunos</span> <span class='ocrx_word' id='word_1_136' title='bbox 877 1338 1035 1374; x_wconf 91' lang='lat' dir='ltr'>militum</span> <span class='ocrx_word' id='word_1_137' title='bbox 1058 1351 1106 1374; x_wconf 84' lang='lat' dir='ltr'>ex</span> <span class='ocrx_word' id='word_1_138' title='bbox 1128 1344 1262 1374; x_wconf 88' lang='lat' dir='ltr'>senatu</span> <span class='ocrx_word' id='word_1_139' title='bbox 1292 1337 1447 1385; x_wconf 81' lang='lat' dir='ltr'>legeret.</span> 
     </span>
    </p>
   </div>
   <div class='ocr_carea' id='block_1_9' title="bbox 30 1407 1495 1457">
    <p class='ocr_par' dir='ltr' id='par_1_9' title="bbox 30 1407 1495 1457">
     <span class='ocr_line' id='line_1_19' title="bbox 30 1407 1495 1457; baseline -0.001 -13"><span class='ocrx_word' id='word_1_140' title='bbox 30 1409 95 1457; x_wconf 92' lang='lat' dir='ltr'>qui</span> <span class='ocrx_word' id='word_1_141' title='bbox 123 1414 350 1456; x_wconf 83' lang='lat' dir='ltr'>praeessent3</span> <span class='ocrx_word' id='word_1_142' title='bbox 392 1409 505 1444; x_wconf 86' lang='lat' dir='ltr'>sociis</span> <span class='ocrx_word' id='word_1_143' title='bbox 536 1409 665 1444; x_wconf 87' lang='lat' dir='ltr'>Latini</span> <span class='ocrx_word' id='word_1_144' title='bbox 695 1408 860 1444; x_wconf 87' lang='lat' dir='ltr'>nominis</span> <span class='ocrx_word' id='word_1_145' title='bbox 889 1408 1097 1455; x_wconf 87' lang='lat' dir='ltr'>imperaret</span> <span class='ocrx_word' id='word_1_146' title='bbox 1125 1408 1208 1444; x_wconf 79' lang='lat' dir='ltr'>XV</span> <span class='ocrx_word' id='word_1_147' title='bbox 1241 1407 1345 1443; x_wconf 88' lang='lat' dir='ltr'>milia</span> <span class='ocrx_word' id='word_1_148' title='bbox 1381 1419 1447 1454; x_wconf 91' lang='lat' dir='ltr'>pe-</span> <span class='ocrx_word' id='word_1_149' title='bbox 1481 1410 1495 1441; x_wconf 69' lang='grc' dir='ltr'><em>Γ</em></span> 
     </span>
    </p>
   </div>
   <div class='ocr_carea' id='block_1_10' title="bbox 29 1476 1447 1526">
    <p class='ocr_par' dir='ltr' id='par_1_10' title="bbox 29 1476 1447 1526">
     <span class='ocr_line' id='line_1_20' title="bbox 29 1476 1447 1526; baseline -0.002 -12"><span class='ocrx_word' id='word_1_150' title='bbox 29 1478 168 1522; x_wconf 87' lang='lat' dir='ltr'>ditum,</span> <span class='ocrx_word' id='word_1_151' title='bbox 217 1478 319 1514; x_wconf 90' lang='lat' dir='ltr'>mille</span> <span class='ocrx_word' id='word_1_152' title='bbox 363 1484 400 1514; x_wconf 84' lang='lat' dir='ltr'>et</span> <span class='ocrx_word' id='word_1_153' title='bbox 438 1478 622 1514; x_wconf 87' lang='lat' dir='ltr'>ducentos</span> <span class='ocrx_word' id='word_1_154' title='bbox 662 1478 822 1526; x_wconf 88' lang='lat' dir='ltr'>equites.</span> <span class='ocrx_word' id='word_1_155' title='bbox 900 1478 940 1513; x_wconf 89' lang='lat' dir='ltr'>Is</span> <span class='ocrx_word' id='word_1_156' title='bbox 979 1477 1167 1513; x_wconf 85' lang='lat' dir='ltr'>exercitus</span> <span class='ocrx_word' id='word_1_157' title='bbox 1204 1476 1259 1512; x_wconf 89' lang='lat' dir='ltr'>uti</span> <span class='ocrx_word' id='word_1_158' title='bbox 1289 1482 1447 1524; x_wconf 90' lang='lat' dir='ltr'>paratus</span> 
     </span>
    </p>
   </div>
   <div class='ocr_carea' id='block_1_11' title="bbox 30 1545 1499 1594">
    <p class='ocr_par' dir='ltr' id='par_1_11' title="bbox 30 1545 1499 1594">
     <span class='ocr_line' id='line_1_21' title="bbox 30 1545 1499 1594; baseline -0.001 -11"><span class='ocrx_word' id='word_1_159' title='bbox 30 1553 139 1591; x_wconf 87' lang='lat' dir='ltr'>esset,</span> <span class='ocrx_word' id='word_1_160' title='bbox 171 1559 247 1594; x_wconf 91' lang='lat' dir='ltr'>quo</span> <span class='ocrx_word' id='word_1_161' title='bbox 283 1553 438 1583; x_wconf 87' lang='lat' dir='ltr'>senatus</span> <span class='ocrx_word' id='word_1_162' title='bbox 469 1548 689 1584; x_wconf 86' lang='lat' dir='ltr'>censuisset.</span> <span class='ocrx_word' id='word_1_163' title='bbox 770 1548 816 1584; x_wconf 89' lang='lat' dir='ltr'>P.</span> <span class='ocrx_word' id='word_1_164' title='bbox 847 1546 994 1583; x_wconf 91' lang='lat' dir='ltr'>Licinio</span> <span class='ocrx_word' id='word_1_165' title='bbox 1027 1546 1173 1583; x_wconf 91' lang='lat' dir='ltr'>consuli</span> <span class='ocrx_word' id='word_1_166' title='bbox 1215 1546 1264 1581; x_wconf 88' lang='lat' dir='ltr'>ad</span> <span class='ocrx_word' id='word_1_167' title='bbox 1302 1545 1446 1581; x_wconf 84' lang='lat' dir='ltr'>exerci-</span> <span class='ocrx_word' id='word_1_168' title='bbox 1493 1549 1499 1558; x_wconf 93' lang='grc'><strong>“</strong></span> 
     </span>
    </p>
   </div>
   <div class='ocr_carea' id='block_1_12' title="bbox 30 1615 1449 1942">
    <p class='ocr_par' dir='ltr' id='par_1_12' title="bbox 30 1615 1449 1942">
     <span class='ocr_line' id='line_1_22' title="bbox 30 1615 1449 1665; baseline -0.001 -12"><span class='ocrx_word' id='word_1_169' title='bbox 30 1622 108 1653; x_wconf 84' lang='lat' dir='ltr'>tum</span> <span class='ocrx_word' id='word_1_170' title='bbox 139 1617 288 1653; x_wconf 88' lang='lat' dir='ltr'>civilem</span> <span class='ocrx_word' id='word_1_171' title='bbox 320 1617 577 1664; x_wconf 85' lang='lat' dir='ltr'>socialemque</span> <span class='ocrx_word' id='word_1_172' title='bbox 607 1617 750 1665; x_wconf 90' lang='lat' dir='ltr'>petenti</span> <span class='ocrx_word' id='word_1_173' title='bbox 788 1616 920 1652; x_wconf 86' lang='lat' dir='ltr'>addita</span> <span class='ocrx_word' id='word_1_174' title='bbox 968 1616 1112 1652; x_wconf 87' lang='lat' dir='ltr'>auxilia</span> <span class='ocrx_word' id='word_1_175' title='bbox 1143 1617 1327 1664; x_wconf 85' lang='lat' dir='ltr'>Ligurum</span> <span class='ocrx_word' id='word_1_176' title='bbox 1373 1615 1449 1650; x_wconf 90' lang='lat' dir='ltr'>duo</span> 
     </span>
     <span class='ocr_line' id='line_1_23' title="bbox 32 1684 1448 1734; baseline -0.002 -12"><span class='ocrx_word' id='word_1_177' title='bbox 32 1686 146 1730; x_wconf 86' lang='lat' dir='ltr'>milia,</span> <span class='ocrx_word' id='word_1_178' title='bbox 177 1685 379 1722; x_wconf 84' lang='lat' dir='ltr'>Cretenses</span> <span class='ocrx_word' id='word_1_179' title='bbox 409 1686 619 1734; x_wconf 84' lang='lat' dir='ltr'>sagittarii,</span> <span class='ocrx_word' id='word_1_180' title='bbox 669 1686 834 1722; x_wconf 89' lang='lat' dir='ltr'>incertus</span> <span class='ocrx_word' id='word_1_181' title='bbox 865 1698 1066 1730; x_wconf 89' lang='lat' dir='ltr'>numerus,</span> <span class='ocrx_word' id='word_1_182' title='bbox 1108 1692 1293 1733; x_wconf 85' lang='lat' dir='ltr'>quantum</span> <span class='ocrx_word' id='word_1_183' title='bbox 1323 1684 1448 1732; x_wconf 85' lang='lat' dir='ltr'>rogati</span> 
     </span>
     <span class='ocr_line' id='line_1_24' title="bbox 32 1754 1447 1803; baseline -0.002 -12"><span class='ocrx_word' id='word_1_184' title='bbox 32 1756 175 1792; x_wconf 84' lang='lat' dir='ltr'>auxilia</span> <span class='ocrx_word' id='word_1_185' title='bbox 195 1754 398 1792; x_wconf 85' lang='lat' dir='ltr'>Cretenses</span> <span class='ocrx_word' id='word_1_186' title='bbox 429 1756 631 1792; x_wconf 85' lang='lat' dir='ltr'>misissent.</span> <span class='ocrx_word' id='word_1_187' title='bbox 661 1756 841 1792; x_wconf 79' lang='lat' dir='ltr'>Numidae</span> <span class='ocrx_word' id='word_1_188' title='bbox 865 1755 954 1792; x_wconf 90' lang='lat' dir='ltr'>item</span> <span class='ocrx_word' id='word_1_189' title='bbox 987 1756 1133 1803; x_wconf 87' lang='lat' dir='ltr'>equites</span> <span class='ocrx_word' id='word_1_190' title='bbox 1165 1754 1447 1802; x_wconf 84' lang='lat' dir='ltr'>elephantique.</span> 
     </span>
     <span class='ocr_line' id='line_1_25' title="bbox 32 1823 1448 1873; baseline -0.004 -11"><span class='ocrx_word' id='word_1_191' title='bbox 32 1825 77 1862; x_wconf 92' lang='lat' dir='ltr'>In</span> <span class='ocrx_word' id='word_1_192' title='bbox 104 1837 189 1861; x_wconf 89' lang='lat' dir='ltr'>eam</span> <span class='ocrx_word' id='word_1_193' title='bbox 219 1837 298 1860; x_wconf 87' lang='lat' dir='ltr'>rem</span> <span class='ocrx_word' id='word_1_194' title='bbox 329 1825 445 1872; x_wconf 85' lang='lat' dir='ltr'>legati</span> <span class='ocrx_word' id='word_1_195' title='bbox 477 1826 525 1862; x_wconf 89' lang='lat' dir='ltr'>ad</span> <span class='ocrx_word' id='word_1_196' title='bbox 555 1825 802 1862; x_wconf 83' lang='lat' dir='ltr'>Masinissam</span> <span class='ocrx_word' id='word_1_197' title='bbox 834 1824 1250 1873; x_wconf 84' lang='lat' dir='ltr'>Carthaginiensesque</span> <span class='ocrx_word' id='word_1_198' title='bbox 1281 1823 1386 1859; x_wconf 88' lang='lat' dir='ltr'>missi</span> <span class='ocrx_word' id='word_1_199' title='bbox 1403 1823 1448 1858; x_wconf 91' lang='lat' dir='ltr'>L.</span> 
     </span>
     <span class='ocr_line' id='line_1_26' title="bbox 33 1891 1449 1942; baseline -0.003 -10"><span class='ocrx_word' id='word_1_200' title='bbox 33 1895 254 1932; x_wconf 89' lang='lat' dir='ltr'>Postumius</span> <span class='ocrx_word' id='word_1_201' title='bbox 271 1895 448 1935; x_wconf 86' lang='lat' dir='ltr'>Albinus,</span> <span class='ocrx_word' id='word_1_202' title='bbox 480 1896 527 1942; x_wconf 82' lang='lat' dir='ltr'>Q.</span> <span class='ocrx_word' id='word_1_203' title='bbox 549 1895 753 1931; x_wconf 81' lang='lat' dir='ltr'>Terentius</span> <span class='ocrx_word' id='word_1_204' title='bbox 769 1894 916 1939; x_wconf 84' lang='lat' dir='ltr'>Culleo,</span> <span class='ocrx_word' id='word_1_205' title='bbox 949 1894 992 1931; x_wconf 84' lang='lat' dir='ltr'>C.</span> <span class='ocrx_word' id='word_1_206' title='bbox 1005 1894 1189 1931; x_wconf 89' lang='lat' dir='ltr'>Aburius.</span> <span class='ocrx_word' id='word_1_207' title='bbox 1232 1894 1277 1929; x_wconf 89' lang='lat' dir='ltr'>In</span> <span class='ocrx_word' id='word_1_208' title='bbox 1294 1891 1449 1928; x_wconf 86' lang='lat' dir='ltr'>Cretam</span> 
     </span>
    </p>
   </div>
   <div class='ocr_carea' id='block_1_13' title="bbox 120 1987 288 1991">
    <p class='ocr_par' dir='ltr' id='par_1_13' title="bbox 120 1987 288 1991">
     <span class='ocr_line' id='line_1_27' title="bbox 120 1987 288 1991; baseline 0 0"><span class='ocrx_word' id='word_1_209' title='bbox 120 1987 288 1991; x_wconf 95' lang='lat' dir='ltr'> </span> 
     </span>
    </p>
   </div>
   <div class='ocr_carea' id='block_1_14' title="bbox 35 2062 1450 2107">
    <p class='ocr_par' dir='ltr' id='par_1_14' title="bbox 35 2062 1450 2107">
     <span class='ocr_line' id='line_1_28' title="bbox 35 2062 1450 2107; baseline -0.004 -9"><span class='ocrx_word' id='word_1_210' title='bbox 35 2064 88 2104; x_wconf 88' lang='lat'>15,</span> <span class='ocrx_word' id='word_1_211' title='bbox 103 2069 121 2096; x_wconf 83' lang='lat'>2</span> <span class='ocrx_word' id='word_1_212' title='bbox 149 2065 411 2107; x_wconf 79' lang='lat' dir='ltr'>appellationem</span> <span class='ocrx_word' id='word_1_213' title='bbox 432 2074 494 2094; x_wconf 87' lang='lat' dir='ltr'>uos</span> <span class='ocrx_word' id='word_1_214' title='bbox 519 2064 689 2104; x_wconf 81' lang='lat' dir='ltr'>usurpatis</span> <span class='ocrx_word' id='word_1_215' title='bbox 706 2063 777 2103; x_wconf 67' lang='lat' dir='ltr'>My.</span> <span class='ocrx_word' id='word_1_216' title='bbox 794 2062 866 2094; x_wconf 85' lang='lat' dir='ltr'>Em.</span> <span class='ocrx_word' id='word_1_217' title='bbox 884 2063 966 2094; x_wconf 75' lang='lat'><em>529.</em></span> <span class='ocrx_word' id='word_1_218' title='bbox 986 2063 1084 2105; x_wconf 78' lang='lat' dir='ltr'>Gryn.</span> <span class='ocrx_word' id='word_1_219' title='bbox 1102 2062 1339 2103; x_wconf 83' lang='lat' dir='ltr'>appellationis</span> <span class='ocrx_word' id='word_1_220' title='bbox 1354 2062 1450 2092; x_wconf 76' lang='lat' dir='ltr'>vobis</span> 
     </span>
    </p>
   </div>
   <div class='ocr_carea' id='block_1_15' title="bbox 35 2123 1452 2283">
    <p class='ocr_par' dir='ltr' id='par_1_15' title="bbox 35 2123 1452 2283">
     <span class='ocr_line' id='line_1_29' title="bbox 35 2123 1450 2175; baseline -0.003 -10"><span class='ocrx_word' id='word_1_221' title='bbox 35 2135 204 2175; x_wconf 73' lang='lat' dir='ltr'>usurpatis</span> <span class='ocrx_word' id='word_1_222' title='bbox 244 2138 262 2164; x_wconf 91' lang='lat'><strong>3</strong></span> <span class='ocrx_word' id='word_1_223' title='bbox 279 2135 509 2173; x_wconf 80' lang='lat' dir='ltr'>magistratum</span> <span class='ocrx_word' id='word_1_224' title='bbox 547 2136 641 2163; x_wconf 80' lang='lat' dir='ltr'>4et5</span> <span class='ocrx_word' id='word_1_225' title='bbox 657 2133 789 2171; x_wconf 87' lang='lat' dir='ltr'>isquam</span> <span class='ocrx_word' id='word_1_226' title='bbox 816 2123 985 2163; x_wconf 74' lang='lat' dir='ltr'>feceritais</span> <span class='ocrx_word' id='word_1_227' title='bbox 1021 2141 1110 2162; x_wconf 88' lang='lat' dir='ltr'>nunc</span> <span class='ocrx_word' id='word_1_228' title='bbox 1137 2141 1270 2172; x_wconf 89' lang='lat' dir='ltr'>quoque</span> <span class='ocrx_word' id='word_1_229' title='bbox 1295 2131 1330 2161; x_wconf 90' lang='lat' dir='ltr'>in</span> <span class='ocrx_word' id='word_1_230' title='bbox 1354 2136 1450 2171; x_wconf 83' lang='lat' dir='ltr'>pote-</span> 
     </span>
     <span class='ocr_line' id='line_1_30' title="bbox 35 2188 1452 2230; baseline -0.003 -8"><span class='ocrx_word' id='word_1_231' title='bbox 35 2195 119 2222; x_wconf 78' lang='lat' dir='ltr'>state</span> <span class='ocrx_word' id='word_1_232' title='bbox 145 2201 184 2222; x_wconf 83' lang='lat' dir='ltr'>ac</span> <span class='ocrx_word' id='word_1_233' title='bbox 210 2198 413 2230; x_wconf 83' lang='lat' dir='ltr'>senatusque</span> <span class='ocrx_word' id='word_1_234' title='bbox 439 2192 674 2221; x_wconf 83' lang='lat' dir='ltr'>auctoritatem</span> <span class='ocrx_word' id='word_1_235' title='bbox 701 2200 807 2229; x_wconf 85' lang='lat' dir='ltr'>usque</span> <span class='ocrx_word' id='word_1_236' title='bbox 833 2189 981 2220; x_wconf 80' lang='lat' dir='ltr'>feceritis</span> <span class='ocrx_word' id='word_1_237' title='bbox 1009 2199 1097 2220; x_wconf 88' lang='lat' dir='ltr'>nunc</span> <span class='ocrx_word' id='word_1_238' title='bbox 1132 2198 1267 2229; x_wconf 81' lang='lat' dir='ltr'>quoque</span> <span class='ocrx_word' id='word_1_239' title='bbox 1293 2188 1328 2218; x_wconf 89' lang='lat' dir='ltr'>in</span> <span class='ocrx_word' id='word_1_240' title='bbox 1356 2192 1452 2228; x_wconf 89' lang='lat' dir='ltr'>pote—</span> 
     </span>
     <span class='ocr_line' id='line_1_31' title="bbox 36 2246 1452 2283; baseline -0.003 -4"><span class='ocrx_word' id='word_1_241' title='bbox 36 2253 120 2279; x_wconf 76' lang='lat' dir='ltr'>state</span> <span class='ocrx_word' id='word_1_242' title='bbox 145 2259 184 2280; x_wconf 86' lang='lat' dir='ltr'>ac</span> <span class='ocrx_word' id='word_1_243' title='bbox 211 2248 542 2279; x_wconf 80' lang='lat' dir='ltr'>senatusconsultum</span> <span class='ocrx_word' id='word_1_244' title='bbox 568 2257 639 2279; x_wconf 88' lang='lat' dir='ltr'>esse</span> <span class='ocrx_word' id='word_1_245' title='bbox 666 2252 699 2278; x_wconf 79' lang='lat' dir='ltr'>et</span> <span class='ocrx_word' id='word_1_246' title='bbox 724 2248 838 2278; x_wconf 86' lang='lat' dir='ltr'>omnia</span> <span class='ocrx_word' id='word_1_247' title='bbox 894 2247 1044 2283; x_wconf 81' lang='lat' dir='ltr'>XXXV,</span> <span class='ocrx_word' id='word_1_248' title='bbox 1082 2246 1113 2283; x_wconf 88' lang='lat'>1,</span> <span class='ocrx_word' id='word_1_249' title='bbox 1144 2250 1157 2277; x_wconf 89' lang='lat' dir='ltr'>l</span> <span class='ocrx_word' id='word_1_250' title='bbox 1188 2246 1245 2277; x_wconf 92' lang='lat' dir='ltr'>ubi</span> <span class='ocrx_word' id='word_1_251' title='bbox 1275 2246 1346 2278; x_wconf 88' lang='lat' dir='ltr'>sitis</span> <span class='ocrx_word' id='word_1_252' title='bbox 1372 2255 1452 2276; x_wconf 83' lang='lat' dir='ltr'>con-</span> 
     </span>
    </p>
   </div>
   <div class='ocr_carea' id='block_1_16' title="bbox 0 2304 1454 2642">
    <p class='ocr_par' dir='ltr' id='par_1_16' title="bbox 0 2304 1454 2642">
     <span class='ocr_line' id='line_1_32' title="bbox 37 2304 1453 2357; baseline -0.003 -9"><span class='ocrx_word' id='word_1_253' title='bbox 37 2316 209 2348; x_wconf 76' lang='lat' dir='ltr'>laudatum</span> <span class='ocrx_word' id='word_1_254' title='bbox 231 2318 236 2357; x_wconf 80' lang='grc'>1</span> <span class='ocrx_word' id='word_1_255' title='bbox 258 2317 370 2348; x_wconf 87' lang='lat' dir='ltr'>uerbis</span> <span class='ocrx_word' id='word_1_256' title='bbox 394 2327 427 2357; x_wconf 89' lang='lat' dir='ltr'>p.</span> <span class='ocrx_word' id='word_1_257' title='bbox 448 2304 580 2348; x_wconf 87' lang='lat' dir='ltr'>conisul</span> <span class='ocrx_word' id='word_1_258' title='bbox 605 2315 753 2357; x_wconf 71' lang='lat' dir='ltr'>(Kreyss.</span> <span class='ocrx_word' id='word_1_259' title='bbox 780 2315 820 2347; x_wconf 89' lang='lat' dir='ltr'>P.</span> <span class='ocrx_word' id='word_1_260' title='bbox 848 2316 998 2347; x_wconf 89' lang='lat' dir='ltr'>Licinius</span> <span class='ocrx_word' id='word_1_261' title='bbox 1024 2315 1156 2354; x_wconf 88' lang='lat' dir='ltr'>consul)</span> <span class='ocrx_word' id='word_1_262' title='bbox 1218 2314 1251 2351; x_wconf 81' lang='lat'>2,</span> <span class='ocrx_word' id='word_1_263' title='bbox 1278 2318 1297 2345; x_wconf 83' lang='lat'>2</span> <span class='ocrx_word' id='word_1_264' title='bbox 1324 2315 1453 2354; x_wconf 83' lang='lat' dir='ltr'>graeciae</span> 
     </span>
     <span class='ocr_line' id='line_1_33' title="bbox 37 2372 1452 2415; baseline -0.003 -10.102"><span class='ocrx_word' id='word_1_265' title='bbox 37 2378 121 2405; x_wconf 78' lang='lat' dir='ltr'>actae</span> <span class='ocrx_word' id='word_1_266' title='bbox 170 2378 189 2405; x_wconf 89' lang='grc'>3</span> <span class='ocrx_word' id='word_1_267' title='bbox 212 2375 430 2415; x_wconf 83' lang='lat' dir='ltr'>adsignarent</span> <span class='ocrx_word' id='word_1_268' title='bbox 451 2374 456 2413; x_wconf 91' lang='grc' dir='ltr'>Ι</span> <span class='ocrx_word' id='word_1_269' title='bbox 478 2374 653 2414; x_wconf 78' lang='lat' dir='ltr'>praemissa</span> <span class='ocrx_word' id='word_1_270' title='bbox 679 2373 812 2414; x_wconf 70' lang='lat' dir='ltr'>Kreyss.</span> <span class='ocrx_word' id='word_1_271' title='bbox 843 2372 961 2414; x_wconf 75' lang='lat' dir='ltr'>(Gryn.</span> <span class='ocrx_word' id='word_1_272' title='bbox 993 2372 1134 2412; x_wconf 87' lang='lat' dir='ltr'>omissa)</span> <span class='ocrx_word' id='word_1_273' title='bbox 1185 2375 1205 2402; x_wconf 81' lang='lat'>4</span> <span class='ocrx_word' id='word_1_274' title='bbox 1231 2372 1452 2402; x_wconf 85' lang='lat' dir='ltr'>oboedienter</span> 
     </span>
     <span class='ocr_line' id='line_1_34' title="bbox 0 2429 1453 2472; baseline -0.003 -10"><span class='ocrx_word' id='word_1_275' title='bbox 0 2447 1 2466; x_wconf 51' lang='grc' dir='ltr'>ι</span> <span class='ocrx_word' id='word_1_276' title='bbox 36 2430 71 2467; x_wconf 82' lang='lat'>3,</span> <span class='ocrx_word' id='word_1_277' title='bbox 95 2435 114 2462; x_wconf 84' lang='lat'>2</span> <span class='ocrx_word' id='word_1_278' title='bbox 140 2433 249 2472; x_wconf 84' lang='lat' dir='ltr'>magis</span> <span class='ocrx_word' id='word_1_279' title='bbox 278 2431 572 2472; x_wconf 78' lang='lat' dir='ltr'>proficiscerentur</span> <span class='ocrx_word' id='word_1_280' title='bbox 627 2434 646 2461; x_wconf 90' lang='lat'><strong>3</strong></span> <span class='ocrx_word' id='word_1_281' title='bbox 673 2431 772 2460; x_wconf 82' lang='lat' dir='ltr'>iuniae</span> <span class='ocrx_word' id='word_1_282' title='bbox 836 2429 870 2466; x_wconf 78' lang='lat'>4,</span> <span class='ocrx_word' id='word_1_283' title='bbox 900 2434 913 2461; x_wconf 94' lang='lat' dir='ltr'>l</span> <span class='ocrx_word' id='word_1_284' title='bbox 942 2435 1066 2471; x_wconf 84' lang='lat' dir='ltr'>praetor</span> <span class='ocrx_word' id='word_1_285' title='bbox 1093 2439 1150 2460; x_wconf 88' lang='lat' dir='ltr'>eos</span> <span class='ocrx_word' id='word_1_286' title='bbox 1219 2433 1238 2460; x_wconf 87' lang='grc'>3</span> <span class='ocrx_word' id='word_1_287' title='bbox 1265 2429 1453 2459; x_wconf 85' lang='lat' dir='ltr'>scriberent</span> 
     </span>
     <span class='ocr_line' id='line_1_35' title="bbox 39 2487 1454 2528; baseline -0.002 -10"><span class='ocrx_word' id='word_1_288' title='bbox 39 2497 184 2519; x_wconf 84' lang='lat' dir='ltr'>uruanas</span> <span class='ocrx_word' id='word_1_289' title='bbox 243 2493 263 2519; x_wconf 83' lang='lat'>4</span> <span class='ocrx_word' id='word_1_290' title='bbox 290 2490 386 2528; x_wconf 88' lang='lat' dir='ltr'>isque</span> <span class='ocrx_word' id='word_1_291' title='bbox 442 2488 474 2526; x_wconf 84' lang='lat'>5,</span> <span class='ocrx_word' id='word_1_292' title='bbox 512 2492 525 2519; x_wconf 95' lang='lat'>1</span> <span class='ocrx_word' id='word_1_293' title='bbox 565 2488 649 2519; x_wconf 90' lang='lat' dir='ltr'>socii</span> <span class='ocrx_word' id='word_1_294' title='bbox 680 2488 684 2526; x_wconf 86' lang='grc' dir='ltr'>Ι</span> <span class='ocrx_word' id='word_1_295' title='bbox 712 2488 915 2528; x_wconf 85' lang='lat' dir='ltr'>imperarent</span> <span class='ocrx_word' id='word_1_296' title='bbox 947 2496 994 2517; x_wconf 89' lang='lat' dir='ltr'>xu</span> <span class='ocrx_word' id='word_1_297' title='bbox 1026 2487 1178 2528; x_wconf 89' lang='lat' dir='ltr'>peditum</span> <span class='ocrx_word' id='word_1_298' title='bbox 1242 2490 1260 2517; x_wconf 84' lang='grc'>2</span> <span class='ocrx_word' id='word_1_299' title='bbox 1295 2487 1323 2517; x_wconf 92' lang='lat' dir='ltr'>is</span> <span class='ocrx_word' id='word_1_300' title='bbox 1357 2495 1454 2516; x_wconf 85' lang='lat' dir='ltr'>exer·</span> 
     </span>
     <span class='ocr_line' id='line_1_36' title="bbox 38 2543 1454 2585; baseline -0.001 -10"><span class='ocrx_word' id='word_1_301' title='bbox 38 2544 124 2576; x_wconf 75' lang='lat' dir='ltr'>citus</span> <span class='ocrx_word' id='word_1_302' title='bbox 148 2546 176 2576; x_wconf 92' lang='lat' dir='ltr'>is</span> <span class='ocrx_word' id='word_1_303' title='bbox 201 2546 250 2576; x_wconf 88' lang='lat' dir='ltr'>uti</span> <span class='ocrx_word' id='word_1_304' title='bbox 298 2546 329 2583; x_wconf 86' lang='lat'>6,</span> <span class='ocrx_word' id='word_1_305' title='bbox 356 2550 375 2577; x_wconf 88' lang='grc'>2</span> <span class='ocrx_word' id='word_1_306' title='bbox 403 2545 667 2585; x_wconf 85' lang='lat' dir='ltr'>societatemque</span> <span class='ocrx_word' id='word_1_307' title='bbox 729 2548 748 2575; x_wconf 88' lang='grc'>3</span> <span class='ocrx_word' id='word_1_308' title='bbox 775 2544 927 2584; x_wconf 87' lang='lat' dir='ltr'>sagittari</span> <span class='ocrx_word' id='word_1_309' title='bbox 978 2548 997 2574; x_wconf 81' lang='lat'><strong>4</strong></span> <span class='ocrx_word' id='word_1_310' title='bbox 1024 2544 1163 2574; x_wconf 83' lang='lat' dir='ltr'>numida</span> <span class='ocrx_word' id='word_1_311' title='bbox 1216 2543 1248 2582; x_wconf 74' lang='lat'>7,</span> <span class='ocrx_word' id='word_1_312' title='bbox 1275 2547 1293 2574; x_wconf 92' lang='grc'>2</span> <span class='ocrx_word' id='word_1_313' title='bbox 1322 2543 1357 2574; x_wconf 88' lang='lat' dir='ltr'>in</span> <span class='ocrx_word' id='word_1_314' title='bbox 1383 2552 1454 2573; x_wconf 88' lang='lat' dir='ltr'>cre-</span> 
     </span>
     <span class='ocr_line' id='line_1_37' title="bbox 40 2601 400 2642; baseline 0.003 -10"><span class='ocrx_word' id='word_1_315' title='bbox 40 2601 245 2633; x_wconf 78' lang='lat' dir='ltr'>tamitterent</span> <span class='ocrx_word' id='word_1_316' title='bbox 269 2603 400 2642; x_wconf 83' lang='lat' dir='ltr'>legatos</span> 
     </span>
    </p>
   </div>
   <div class='ocr_carea' id='block_1_17' title="bbox 0 2480 2 2603">
    <p class='ocr_par' dir='ltr' id='par_1_17' title="bbox 0 2480 2 2603">
     <span class='ocr_line' id='line_1_38' title="bbox 0 2480 2 2603; baseline 0 299"><span class='ocrx_word' id='word_1_317' title='bbox 0 2480 2 2603; x_wconf 95' lang='lat' dir='ltr'> </span> 
     </span>
    </p>
   </div>
   <div class='ocr_carea' id='block_1_18' title="bbox 0 2743 3 2827">
    <p class='ocr_par' dir='ltr' id='par_1_18' title="bbox 0 2605 3 2827">
     <span class='ocr_line' id='line_1_39' title="bbox 0 2743 3 2827; baseline 0 -148"><span class='ocrx_word' id='word_1_318' title='bbox 0 2743 3 2827; x_wconf 59' lang='grc'><strong>,</strong></span> 
     </span>
    </p>
   </div>
   <div class='ocr_carea' id='block_1_19' title="bbox 1501 567 1552 611">
    <p class='ocr_par' dir='ltr' id='par_1_19' title="bbox 1501 567 1552 611">
     <span class='ocr_line' id='line_1_40' title="bbox 1501 567 1552 611; baseline -0.02 0"><span class='ocrx_word' id='word_1_319' title='bbox 1501 567 1552 611; x_wconf 77' lang='lat'>35</span> 
     </span>
    </p>
   </div>
  </div>
 </body>
</html>
