1753 2934
273 143 324 178 50
833 139 1006 172 Periochae

215 271 418 309 consularis,
456 273 512 311 qui
533 282 625 311 quum
654 271 687 301 in
713 277 830 302 senatu
856 271 890 300 in
916 269 1108 302 Gracchum
1135 278 1341 312 perorasset,
1376 278 1490 312 raptus
1516 271 1558 302 ab
1583 281 1626 303 eo

214 334 254 364 ad
282 333 442 375 populum
470 332 668 371 delatusque
695 332 800 372 plebi,
837 342 950 363 rursus
985 332 1019 362 in
1051 344 1127 364 eum
1163 343 1224 374 pro
1260 334 1375 364 rostris
1409 333 1623 364 contionatus

214 401 273 425 est.
326 393 437 431 Quum
476 394 593 424 iterum
638 398 680 426 tr.
715 393 760 433 pl.
799 394 903 424 creari
941 393 1039 424 vellet
1065 393 1258 430 Gracchus,
1305 400 1441 426 auctore
1467 394 1504 425 P.
1541 393 1623 425 Cor—

213 456 303 487 nelio
336 455 461 486 Nasica
494 455 527 484 in
560 453 728 495 Capitolio
763 454 806 485 ab
842 455 1061 495 optimatibus
1099 455 1230 487 occisus
1259 462 1324 492 est,
1362 457 1446 487 ictus
1479 456 1622 496 primum

214 516 412 557 fragmentis
439 516 599 554 subsellii,
627 522 659 546 ct
684 516 771 547 inter
796 515 893 553 alios,
921 516 976 557 qui
1003 517 1036 547 in
1063 517 1180 547 eadem
1206 517 1370 548 seditione
1397 517 1498 548 occisi
1517 521 1622 554 eraut,

212 578 398 619 insepultus
424 577 457 607 in
489 576 613 607 flumen
647 577 825 617 proiectus.
876 577 943 609 Res
974 584 1135 618 praeterea
1167 579 1200 608 in
1233 578 1350 610 Sicilia
1379 579 1472 610 vario
1503 585 1623 610 eventu

211 640 368 671 adversus
395 637 557 678 fugitivos
584 642 698 677 gestas
724 639 884 669 continet.

766 745 827 776 Ex
856 745 945 778 LIB.
973 745 1062 777 LIX.

303 821 502 852 Numantini
529 820 617 851 fame
644 822 750 852 coacti
777 822 840 863 ipsi
867 832 902 853 se
923 832 982 864 per
1003 823 1108 853 vicem
1140 819 1337 864 [tradentes]
1356 822 1627 860 trucidaverunn

210 888 345 925 captam
362 883 479 913 urbem
495 882 609 922 Scipio
620 881 802 915 Africanus
823 884 945 914 delevit
963 884 996 915 et
1009 885 1049 914 de
1069 893 1108 913 ea
1121 883 1336 923 triumphavit
1354 888 1472 922 quarto
1490 883 1620 914 decimo

208 954 298 975 anno
319 950 395 985 post
409 943 650 983 Carthaginem
665 944 819 975 deletam.
859 944 897 975 P.
915 945 1069 985 Rupilius
1092 954 1159 975 cos.
1185 944 1218 974 in
1233 943 1348 975 Sicilia
1374 954 1449 975 cum
1470 944 1621 985 fugitivis

208 1006 402 1038 debellavit.
458 1005 679 1044 Aristonicus,
706 1005 868 1037 Eumenis
896 1007 983 1045 regis
1009 1006 1108 1044 filius,
1134 1005 1256 1036 Asiam
1283 1006 1478 1047 occupavit,
1517 1016 1620 1046 quum

209 1074 409 1100 testamento
447 1066 553 1098 Attali
585 1067 675 1106 regis
713 1067 825 1107 legata
858 1067 983 1108 populo
1018 1067 1171 1098 Romano
1209 1067 1316 1098 libera
1358 1077 1430 1098 esse
1471 1067 1620 1099 deberet.

211 1131 382 1160 Adversus
410 1137 484 1159 eum
510 1127 548 1159 P.
575 1128 725 1159 Licinius
755 1128 894 1159 Crassus
923 1138 1004 1164 cos..
1035 1138 1135 1168 quum
1163 1128 1252 1158 idem
1278 1128 1428 1168 pontifex
1455 1129 1620 1161 maximus

207 1183 294 1228 esset,
333 1190 422 1231 quod
448 1199 621 1229 nunquam
648 1196 747 1220 antea
771 1189 897 1220 factum
917 1196 999 1225 erat,
1035 1195 1128 1220 extra
1152 1189 1287 1220 Italiam
1311 1189 1482 1231 profectus
1500 1191 1618 1232 proelio

207 1254 315 1283 victus
352 1257 383 1283 et
411 1252 542 1282 occisus
577 1256 636 1282 est.
688 1251 736 1282 M.
765 1250 936 1292 Perperna
969 1261 1037 1281 eos.
1072 1251 1194 1282 victum
1226 1252 1454 1283 Aristonicum
1488 1253 1522 1283 in
1559 1253 1618 1284 de-

208 1314 369 1344 ditionem
397 1314 538 1353 accepit.
591 1312 632 1351 Q.
654 1313 845 1353 Pompeius,
876 1311 913 1350 Q.
938 1311 1107 1348 Metellus,
1135 1319 1214 1343 tunc
1239 1313 1384 1353 primum
1412 1319 1550 1354 uterquc
1577 1324 1619 1346 ex

206 1375 303 1416 plebe
339 1374 418 1405 sacti
448 1384 623 1412 censores,
660 1375 802 1406 lustrum
830 1374 1068 1410 condiderunt,
1104 1383 1205 1405 censa
1241 1381 1319 1405 sunt.
1355 1376 1473 1406 civium
1508 1376 1619 1416 capita.

207 1426 420 1470 (ῑῖΧΥΤΙΙ
447 1434 697 1467 DCCCXXIII
722 1443 842 1476 praeter
867 1436 1012 1477 pupillos
1035 1442 1066 1466 et
1085 1436 1213 1467 viduas.
1267 1436 1308 1474 Q.
1325 1436 1482 1468 Metellus
1501 1447 1619 1468 censor

205 1498 354 1538 censuit,
399 1504 434 1527 ut
468 1503 670 1537 cogerentur
707 1507 825 1528 omnes
865 1499 985 1528 ducere
1022 1507 1144 1528 uxores
1182 1498 1362 1529 liberorum
1399 1499 1619 1530 creandorum

205 1570 324 1598 causa3
356 1564 469 1590 exstat
493 1560 601 1590 oratio
628 1559 709 1591 eius.
746 1569 845 1600 quam
872 1560 1048 1599 Augustus
1077 1558 1200 1595 Caesar,
1228 1569 1330 1599 quum
1357 1560 1397 1591 de
1423 1560 1625 1592 maritandis⁴

205 1622 381 1654 ordinibus
409 1626 536 1661 ageret,
572 1620 665 1650 velut
697 1620 729 1650 in
762 1621 832 1652 haec
870 1628 1023 1662 tempora
1058 1621 1215 1662 scriptam
1250 1621 1285 1651 in
1311 1629 1428 1653 senatu
1454 1622 1616 1653 recitavit.

204 1683 241 1716 C.
270 1683 410 1715 Atinius
445 1682 559 1712 Labeo
598 1686 636 1712 tr.
673 1681 718 1722 pl.
759 1682 800 1720 Q.
828 1682 1004 1713 Metellum
1048 1693 1238 1720 censorem,
1281 1693 1300 1713 a
1332 1693 1397 1724 quo
1433 1683 1463 1714 in
1499 1689 1618 1714 senatu

200 1746 346 1786 legendo
372 1743 561 1785 praeteritus
589 1748 678 1780 erat,
717 1743 758 1773 de
794 1752 877 1774 saxo
905 1744 1004 1774 dciiei
1030 1745 1144 1782 iussit,
1182 1745 1271 1784 quod
1298 1754 1339 1775 ne
1364 1745 1476 1781 fieret,
1515 1745 1618 1776 ceteri

203 1807 328 1839 tribuni
373 1805 483 1847 plebis
526 1805 654 1835 auxilio
700 1804 847 1837 fuerunt.
919 1804 1030 1842 Quum
1073 1806 1192 1838 Carbo⁴
1231 1813 1268 1838 tr.
1315 1807 1360 1847 pi.
1404 1807 1617 1845 rogationem

201 1870 353 1904 tulisset,
395 1873 431 1898 ut
469 1867 615 1898 eundem
649 1867 821 1897 tribunum
854 1866 961 1907 plebi,
1004 1869 1161 1908 quotiens
1192 1868 1312 1905 vellet,
1351 1877 1465 1899 creare
1489 1868 1618 1903 liceret,

200 1929 414 1969 rogationem
453 1929 523 1960 eius
555 1929 594 1960 P.
625 1928 805 1960 Africanus
844 1928 1040 1968 gravissima
1081 1930 1232 1960 oratione
1270 1930 1445 1966 dissuasit,
1482 1929 1515 1959 in
1550 1939 1618 1970 qua

200 1991 295 2025 dixit,
329 1990 382 2021 Ti.
413 1989 603 2021 Gracchum
646 1990 717 2020 iure
744 1999 866 2020 caesum
894 1971 1010 2021 videi-f.
1075 1989 1109 2022 C.
1145 1989 1321 2022 Gracchus
1358 1997 1475 2022 contra
1513 1992 1617 2022 suasit

199 2053 425 2092 rogationem.
454 2052 512 2083 sed
530 2052 644 2093 Scipio
671 2052 787 2082 tenuit.
834 2052 933 2082 Bella
950 2053 1036 2083 inter
1055 2052 1262 2083 Antiochum
1280 2051 1384 2093 Syriae
1399 2058 1432 2083 et
1445 2052 1615 2084 Phraaten

200 2114 405 2145 Parthorum
448 2123 560 2154 regem
604 2118 700 2153 gesta
737 2123 797 2144 nec
838 2115 946 2154 magis
988 2115 1109 2156 quietae
1147 2123 1199 2145 res
1237 2113 1374 2154 AEgypti
1413 2113 1612 2146 referuntur.

199 2175 423 2213 Ptolemaeus,
466 2176 654 2215 Euergetes
693 2176 969 2215 cognominatus,
1014 2176 1056 2207 ob
1096 2176 1233 2206 nimiam
1270 2175 1503 2206 crudelitatem
1545 2176 1613 2206 suis

199 2238 338 2274 invisus,
366 2238 502 2268 incensa
528 2247 548 2267 a
573 2237 700 2278 populo
728 2237 821 2277 regia
847 2237 932 2267 clam
964 2237 1096 2278 Cypron
1124 2237 1283 2278 profugit,
1318 2241 1351 2267 et
1376 2246 1479 2277 quum
1506 2237 1612 2268 sorori

201 2301 272 2331 eius
301 2299 498 2340 Cleopatrae,
534 2309 652 2339 quam,
689 2298 758 2329 filia
791 2299 862 2329 cius
896 2299 1026 2339 virgine,
1059 2308 1120 2340 per
1143 2299 1207 2330 vim
1238 2307 1428 2338 compressa
1454 2303 1554 2338 atque.
1578 2298 1613 2328 in

202 2361 451 2392 matrimonium
479 2361 589 2398 ducta,
623 2361 873 2401 repudiaverat,
911 2370 1048 2399 regnum
1075 2370 1094 2390 a
1121 2359 1245 2400 populo
1272 2360 1388 2390 datum
1416 2365 1518 2392 esset.
1561 2359 1612 2390 in—

199 2422 314 2454 sensus
342 2422 455 2459 filium,
484 2432 582 2462 quem
610 2431 653 2452 ex
678 2421 736 2452 illa
763 2421 918 2455 habebat,
946 2422 976 2452 in
1002 2421 1112 2462 Cypro
1139 2421 1264 2452 occidit
1290 2427 1456 2463 caputque
1483 2422 1553 2453 eius
1579 2426 1613 2452 et

200 2493 319 2514 manus
350 2490 381 2514 et
407 2483 510 2523 pedes
549 2483 646 2513 matri
683 2483 782 2513 misit.
852 2481 1044 2513 Seditiones
1083 2493 1102 2512 a
1132 2483 1312 2513 triumviris
1339 2483 1459 2514 Fulvio
1484 2482 1609 2513 Flacco

199 2552 232 2576 et
257 2543 295 2576 C.
326 2544 480 2576 Graccho
505 2550 537 2575 et
565 2544 600 2575 C.
630 2544 765 2584 Papirio
794 2543 949 2575 Carbone
976 2553 1058 2583 agro
1083 2544 1263 2575 dividendo
1296 2545 1416 2575 creatis
1442 2543 1607 2576 excitatae.

199 2606 311 2646 Quum
338 2607 375 2638 P.
401 2606 515 2648 Scipio
547 2605 725 2637 Africanus
751 2606 794 2635 eis
819 2606 1052 2636 adversaretur
1083 2604 1247 2645 fortisque
1282 2616 1320 2636 ac
1347 2605 1478 2636 validus
1502 2605 1609 2645 pridie

198 2669 333 2700 domum
362 2678 397 2700 se
423 2668 613 2709 recepisset,
639 2674 790 2699 mortuus
815 2667 848 2697 in
875 2666 1030 2697 cubiculo
1057 2667 1212 2698 inventus
1233 2674 1293 2698 est.
1345 2666 1512 2708 Suspecta
1532 2665 1608 2704 suit,
