1796 2929
209 254 253 289 13

211 527 252 561 14

209 597 254 631 15

209 734 255 769 16

212 945 253 978 17

177 1281 228 1326 23

347 137 418 170 174
703 132 805 162 Libet·
828 131 955 162 xmv.
1009 131 1068 172 (A.
1089 141 1119 161 u.
1142 141 1170 162 c.
1193 131 1287 170 586.)

286 254 491 302 participes
520 258 606 287 sunt
641 251 809 300 periculi.
888 252 1027 300 Itaque
1057 252 1087 288 si
1119 253 1204 300 quis
1234 257 1309 297 est,
1347 252 1433 300 qui,
1464 253 1566 300 quod
1598 266 1618 289 e
1656 266 1696 289 re

285 321 436 369 publiea
465 320 524 363 sit,
553 321 715 356 suadere
745 333 785 357 se
817 321 906 357 mihi
938 322 973 357 in
1006 334 1051 358 eo
1082 322 1208 366 bello,
1255 321 1355 369 quod
1395 328 1571 369 gesturus
1601 333 1697 366 sum,

280 401 390 437 posse
422 389 601 433 confidat,
632 389 662 425 is
695 402 741 425 ne
771 391 932 439 deneget
962 403 1120 439 operam
1151 391 1204 427 rei
1233 391 1406 439 publicae,
1437 397 1473 426 et
1503 392 1537 426 1¹71
1568 391 1695 427 Mace-

286 457 438 492 doniam
472 469 616 494 mecum
649 459 788 494 veniat.
833 460 959 504 Nave,
990 474 1102 509 equo.
1133 460 1393 505 tabernaculo,
1423 460 1564 496 viatico
1585 460 1696 496 etiam

288 538 310 561 a
342 538 401 561 me
431 526 637 563 iuvabitur.
704 528 745 565 Si
777 541 888 577 quem
930 530 966 566 id
1008 531 1135 567 facere
1165 530 1267 578 piget
1299 535 1331 565 et
1361 529 1478 565 otium
1511 530 1697 566 urbanum

287 595 428 631 militiae
458 595 655 632 laboribus
686 605 900 646 praeoptat,
940 612 960 635 e
989 606 1090 635 terra
1122 610 1168 634 ne
1193 598 1475 645 gubernaverit.
1545 599 1698 636 Sermo-

287 677 373 700 num
409 665 502 701 satis
533 666 617 714 ipsa
646 667 788 714 praebet
821 669 936 713 urbs3
967 669 1010 704 iis
1040 667 1311 716 loquacitatem
1343 679 1451 702 suam
1487 668 1700 713 contineam

288 746 357 769 nos
389 734 646 771 castrensibus
677 736 844 772 consiliis
874 743 1074 773 contentos
1104 736 1254 772 futuros
1274 748 1356 772 esse
1377 736 1510 772 seiat.“
1544 738 1608 774 Ab
1629 738 1700 773 hae

287 804 486 846 contione,
530 805 699 849 Latinis,
747 817 830 852 quae
860 806 983 854 pridie
1011 806 1101 842 Kal.
1138 805 1262 854 April.
1296 805 1460 851 fuerunt7
1504 807 1541 843 in
1574 814 1700 843 monte

287 873 473 909 sacrifivio
505 874 575 910 rite
602 881 846 923 perpetrato,
896 876 1069 924 protinus
1113 876 1200 911 inde
1243 883 1278 911 et
1318 875 1449 911 consul
1488 883 1522 912 et
1562 883 1701 924 praetor

287 941 353 978 Cn.
388 942 574 979 Octavius
619 944 656 979 in
699 944 966 981 Macedoniam
1008 945 1169 993 profecti
1207 952 1305 981 sunt.
1381 945 1583 981 Traditum
1623 958 1700 982 me-

289 1013 417 1048 moriae
449 1020 517 1057 est,
556 1014 700 1049 maiore
732 1027 846 1062 quam
879 1014 993 1051 solita
1024 1014 1237 1062 frequentia
1270 1015 1580 1063 prosequentium
1613 1027 1700 1051 con-

289 1082 406 1117 sulem
440 1082 695 1127 celebratum,
726 1096 770 1120 ac
798 1097 918 1133 prope
950 1092 1055 1121 certa
1086 1096 1154 1132 spe
1184 1084 1375 1120 ominatos
1405 1096 1488 1120 esse
1517 1085 1702 1129 homines,

288 1153 399 1186 finem
448 1152 698 1188 Macedonico
749 1154 849 1190 bello
889 1162 1157 1201 maturumque
1203 1154 1367 1190 reditum
1414 1166 1497 1190 cum
1545 1153 1699 1202 egregio

289 1220 482 1268 triumpho
515 1222 680 1257 consulis
711 1222 806 1259 fore.

401 1291 503 1326 Dum
536 1291 616 1326 haeo
645 1291 680 1327 in
714 1292 825 1328 Italia
857 1298 1059 1340 geruntur,
1090 1294 1277 1336 Perseus,
1309 1292 1410 1340 quod
1442 1292 1516 1328 iam
1550 1292 1701 1327 inchoa—

290 1366 367 1394 tum
400 1361 594 1408 perficere,
628 1361 717 1408 quia
750 1362 906 1410 inpensa
940 1362 1110 1411 pecuniae
1140 1361 1317 1398 facienda
1347 1369 1449 1405 erat,
1488 1374 1563 1397 non
1595 1361 1702 1397 indu—

291 1430 401 1465 cebat
431 1430 468 1466 in
499 1431 682 1474 animum„
714 1437 751 1466 ut
787 1431 969 1468 Gentium
1003 1432 1221 1480 Illyriorum
1258 1443 1385 1479 regem
1419 1431 1491 1467 sibi
1522 1431 1703 1480 adiunge-

289 1505 365 1543 ret,
406 1499 499 1543 hoo,
541 1507 745 1548 postquam
777 1501 940 1537 intrasse
971 1501 1108 1537 saltum
1140 1502 1338 1538 Romanos
1386 1507 1423 1537 et
1466 1500 1599 1537 adesse
1629 1500 1704 1536 dis-

291 1567 432 1604 crimen
463 1569 636 1606 ultimum
670 1571 756 1606 belli
789 1571 1073 1607 animadvertit.
1106 1583 1181 1606 non
1199 1570 1299 1606 ultra
1315 1569 1565 1607 differendum
1588 1577 1705 1614 rmus„

291 1649 375 1673 cum
406 1650 476 1686 per
505 1639 689 1688 Hippiam
723 1640 892 1688 legatum
928 1639 1028 1677 CCC
1070 1640 1218 1688 argenti
1257 1639 1401 1676 talenta
1431 1647 1566 1688 pactus
1596 1646 1706 1683 essen

291 1706 344 1743 ita
377 1716 416 1743 ut
447 1709 599 1745 obsides
631 1710 729 1746 ultro
761 1711 934 1758 citroque
965 1711 1169 1754 darentur,
1200 1710 1467 1746 Pantauchum
1499 1710 1619 1749 misit,
1659 1722 1704 1745 ex

292 1777 486 1814 fidissimis
516 1779 663 1823 amieis,
695 1780 743 1816 ad
775 1793 821 1816 ea
851 1780 1096 1829 perficienda.
1143 1779 1322 1815 Meteone
1345 1779 1567 1815 Labeatidis
1597 1787 1706 1815 terra*

293 1846 542 1883 Pantauchus
573 1849 653 1897 regi
685 1850 817 1899 Illyrio
848 1850 1033 1893 occurrit;
1063 1849 1114 1885 ibi
1150 1856 1186 1886 et
1217 1849 1275 1885 ius
1305 1849 1505 1884 iurandum
1539 1850 1587 1885 ab
1618 1861 1707 1897 rege

294 1922 328 1952 et
361 1916 512 1952 obsides
545 1919 702 1967 aceepit.
789 1920 931 1956 Missus
963 1927 998 1955 et
1029 1932 1051 1956 a
1081 1919 1226 1957 Gentio
1255 1925 1311 1955 est
1341 1918 1512 1966 legatus,
1555 1918 1706 1953 nomino

293 2070 347 2104 13.
376 2075 394 2102 2
423 2062 672 2114 sumqeonfidat
701 2073 771 2115 My.
800 2073 871 2105 Em.
900 2073 976 2106 572
1030 2077 1049 2105 3
1077 2074 1104 2105 is
1132 2085 1189 2106 om.
1223 2072 1320 2115 Gryn.
1353 2074 1357 2112 Ι
1388 2060 1500 2113 remip.
1541 2078 1572 2102 et
1599 2080 1707 2102 mace—

293 2140 426 2170 doniam
479 2146 498 2172 4
525 2143 677 2173 inueniat
699 2143 704 2182 Ι
728 2130 1075 2174 tabernaculauiatico
1141 2142 1195 2176 14.
1227 2146 1240 2173 l
1281 2142 1306 2173 si
1340 2152 1439 2182 supra
1472 2139 1581 2171 eadem
1616 2151 1707 2171 manv

293 2207 503 2250 adscriptum]
523 2210 594 2242 sare
613 2209 616 2250 ξ
634 2211 725 2251 pigot
750 2212 854 2242 otium
876 2211 943 2243 Ed.
960 2211 1040 2243 Par.
1057 2211 1100 2242 15
1110 2210 1162 2242 73.
1215 2215 1233 2242 2
1261 2198 1447 2252 przeoeptat
1468 2210 1473 2249 Ι
1495 2219 1544 2240 nae
1606 2209 1660 2246 15,
1689 2213 1706 2240 2

293 2270 384 2300 urbis
411 2271 651 2311 loquacitatem
680 2272 752 2314 My.
789 2272 907 2315 (Gryn.
937 2273 1038 2303 urbs:
1074 2272 1336 2313 loquacitatem)
1403 2275 1422 2303 3
1447 2272 1509 2302 hos
1531 2270 1538 2311 ἱ
1561 2270 1710 2302 consulis

293 2329 496 2371 contentiois
549 2340 602 2374 16.
632 2344 651 2372 2
679 2342 897 2372 contentione
961 2340 1016 2379 17,
1044 2345 1062 2372 2
1089 2347 1118 2372 et
1144 2345 1162 2372 3
1203 2347 1253 2371 est
1289 2341 1462 2372 memoriae
1499 2346 1551 2371 est
1582 2339 1708 2371 maiore

293 2395 411 2437 (Gr-yn.
440 2397 619 2428 Traditum
648 2406 699 2429 est
724 2408 838 2434 mem„
865 2398 1009 2438 maiore)
1033 2399 1036 2439 Ι
1066 2397 1256 2439 frequentia
1281 2404 1330 2429 est
1354 2397 1595 2439 prosequentia
1630 2405 1707 2427 con-

293 2453 344 2483 sul
379 2453 584 2486 celebratum
624 2461 657 2487 at
682 2466 786 2497 prope
823 2460 842 2488 3
869 2456 1036 2487 omniatot
1085 2461 1104 2486 4
1131 2456 1230 2486 finem
1264 2465 1336 2486 esse
1361 2455 1580 2487 macedonico
1616 2452 1706 2484 Vahl.

292 2520 424 2554 XXIII,
452 2522 483 2557 1,
516 2526 527 2553 l
559 2524 729 2555 incoatum
791 2525 824 2557 2,
857 2528 869 2556 l
899 2526 1040 2556 salutem
1093 2527 1098 2568 1
1149 2512 1288 2556 aduessc·
1340 2529 1358 2555 2
1386 2523 1635 2555 animiaducrtit
1690 2526 1708 2553 3

294 2588 368 2609 cum
406 2579 552 2620 hippiam
612 2586 630 2611 4
648 2582 736 2612 ultro
763 2588 908 2622 utroque
930 2583 935 2620 Ι
958 2590 1160 2623 pantaucum
1183 2583 1278 2615 Gron.
1328 2582 1361 2618 3;
1380 2585 1391 2612 l
1417 2581 1554 2612 mitione
1577 2579 1706 2622 Kreym

292 2651 306 2663 ν
333 2647 357 2666 c.
388 2635 446 2668 32.
475 2636 518 2674 3;
545 2637 652 2680 Polyb.
684 2638 832 2677 XXIX
861 2639 885 2671 2
911 2638 1030 2682 (Gr-yn.
1059 2640 1244 2671 Medeon&
1295 2644 1312 2671 2
1339 2645 1523 2681 pantaueus
