1753 2934
486 148 587 178 Liber
613 147 720 178 XLV.
764 148 826 184 (A.
856 145 935 178 Chr.
969 147 1062 187 167.)
1349 148 1425 184 247

76 277 291 320 pateretur3
336 269 547 318 referrique
592 271 740 319 tegulas
772 277 806 307 et
837 271 939 307 refici
979 270 1152 310 detecta,
1197 269 1293 305 sicut
1322 268 1484 312 fuerant,

75 340 195 376 iussit.
261 340 311 376 Et
341 340 485 376 Persea
517 341 667 388 quidem
700 353 783 376 cum
819 341 964 376 maiore
994 340 1070 376 filio
1094 339 1292 387 Philippo,
1324 339 1484 374 traditos

76 412 125 447 A.
159 409 371 452 Postumio,
403 409 439 445 in
475 409 686 445 custodiam
719 409 840 453 misit;
887 409 1001 445 filiam
1034 421 1117 445 cum
1151 410 1296 444 minore
1327 408 1425 451 filio,
1464 421 1486 443 a

77 479 328 517 Samothrace
358 479 500 515 accitos
533 479 820 527 Amphipolim‚
848 479 968 535 *omni
1005 479 1152 514 liberali
1197 478 1297 513 cultu
1340 477 1484 515 habuit.

185 550 294 597 Ipse,
326 549 390 584 ubi
422 549 502 584 dies
533 549 656 592 venit,
701 561 776 596 quo
815 549 948 585 adesse
980 547 1205 596 Amphipoli
1236 548 1353 583 denos
1385 547 1486 595 prin-

76 619 178 667 cipes
209 619 416 655 eivitatium
459 619 622 655 iusserat
671 619 894 666 litterasque
925 630 1077 661 omneS,
1123 630 1207 665 quae
1252 617 1391 664 ubique
1422 617 1486 653 de-

75 689 209 738 positae
240 696 389 733 essent,
435 696 471 725 et
502 689 700 737 pecuniam
744 689 888 737 regiam
922 687 1108 731 conferri,
1157 699 1240 722 cum
1274 686 1402 722 decem
1435 687 1487 721 le-

74 758 196 807 gatiS‚
241 758 471 794 circumfusa
506 760 607 795 omni
644 759 883 795 multitudine
916 757 1193 799 Macedonum,
1239 756 1275 791 in
1306 756 1487 792 tribunali

75 829 257 866 consedit.
323 828 507 864 Adsuetis
537 830 641 877 regio
673 829 831 877 imperio
872 836 999 864 tamen
1034 839 1175 862 novum
1216 826 1380 862 formam
1413 833 1486 861 ter-

74 897 221 934 ribilem
253 898 435 946 praebuit:
487 899 674 941 tribunal,
717 906 908 934 summoto
940 898 1087 941 aditus,
1120 909 1265 945 praeco,
1307 907 1488 931 accensus

74 967 222 1003 insueta
253 967 382 1003 onmia
412 968 530 1004 oculis
561 968 813 1015 auribusque„
854 979 937 1014 quae
967 966 1028 1002 vel
1061 966 1209 1010 socios,
1248 965 1384 1000 nedum
1420 965 1487 1000 ho-

73 1043 150 1073 stes
191 1037 330 1077 victos,
376 1044 517 1074 terrere
557 1044 726 1087 possent.
799 1037 957 1074 silentio
1001 1049 1068 1085 per
1113 1047 1324 1084 praeconem
1371 1034 1487 1077 facto,

74 1107 220 1144 Paulus
254 1107 409 1151 Latine,
455 1120 539 1155 quae
579 1108 747 1152 senatui,
798 1120 882 1156 quae
915 1107 988 1143 sibi
1029 1119 1076 1142 ex
1123 1106 1271 1142 consilii
1302 1104 1489 1140 sententia

75 1177 160 1213 visa
204 1183 349 1219 essent,
399 1178 680 1224 pronuntiavit3
727 1191 771 1214 ea
802 1176 870 1214 Cn.
903 1176 1090 1213 Octavius
1131 1182 1273 1223 praetor
1313 1175 1416 1221 (nam
1454 1179 1487 1208 et

72 1247 154 1295 ipse
185 1247 333 1291 aderat)
365 1246 615 1294 interpretata
645 1260 821 1284 sermone
853 1246 991 1283 Graeco
1022 1246 1239 1282 referebat:
1306 1244 1486 1281 Omnium

73 1316 237 1365 primum
269 1317 410 1353 liberos
441 1330 524 1353 esse
547 1317 677 1354 iubere
694 1318 944 1361 Macedonas,
975 1317 1159 1352 habentes
1190 1316 1304 1351 urbes
1335 1314 1487 1350 easdem

75 1399 289 1435 agrosque„
334 1393 483 1423 utentes
513 1387 662 1435 legibus
692 1386 793 1424 suis.
840 1399 986 1422 annuos
1018 1393 1190 1423 creantes
1221 1384 1489 1433 magistratus3

75 1457 257 1492 tributum
289 1456 484 1493 dimidium
518 1457 616 1502 eius‚
662 1456 764 1503 quod
794 1457 1063 1504 pependissent
1102 1457 1278 1504 regibus,
1324 1454 1490 1502 pendere

75 1526 218 1575 populo
252 1527 440 1562 Romano.
507 1526 655 1562 Deinde
694 1526 730 1561 in
773 1532 955 1573 quattuor
994 1527 1170 1575 regiones
1210 1524 1326 1560 dividi
1358 1525 1488 1559 Mace-

76 1596 242 1632 doniam.
328 1596 455 1634 Unam
497 1595 580 1632 fore
625 1602 661 1631 et
706 1596 868 1643 primam
907 1603 1077 1644 partem„
1123 1597 1226 1644 quod
1267 1594 1350 1643 agri
1393 1594 1490 1629 inter

75 1665 319 1714 Strymonem
352 1673 388 1701 et
408 1666 574 1702 Nessum
607 1678 755 1701 amnem
787 1666 857 1711 sit3
889 1678 1130 1703 accessurum
1153 1667 1239 1702 huic
1261 1664 1362 1713 parti
1384 1672 1489 1700 trans

75 1735 267 1780 Nessum,
312 1736 362 1772 ad
399 1736 582 1772 orientem
621 1748 797 1780 versum,
844 1749 920 1784 qua
951 1737 1116 1773 Perseus
1157 1735 1340 1772 tenuisset
1369 1733 1488 1777 vicos,

76 1805 246 1850 castella,
281 1805 442 1854 oppida,
473 1813 610 1854 praeter
639 1807 785 1843 AEuum
819 1814 855 1843 et
885 1807 1110 1843 Maroneam
1144 1813 1180 1842 et
1210 1805 1389 1847 Abdera3
1436 1803 1488 1838 cis

77 1873 318 1923 Strymonem
351 1882 500 1918 autem,
540 1876 737 1924 vergentia
767 1877 816 1913 ad
851 1889 1053 1921 occasum,
1083 1876 1304 1912 Bisalticam
1338 1886 1488 1910 omnem

78 2100 98 2127 4
132 2096 264 2136 tegulas
299 2102 333 2127 et
364 2095 476 2127 referri
514 2101 546 2126 et
578 2101 667 2126 tecta
703 2096 791 2127 sicut
826 2095 959 2138 Kreyss.
998 2095 1121 2136 (refici)
1159 2102 1188 2126 et
1217 2095 1289 2137 My.
1324 2096 1490 2135 (detecta)

78 2153 198 2196 (Gryn.
219 2159 251 2184 et
265 2154 417 2184 resarciri
433 2159 534 2190 tecta,
555 2154 658 2191 sicut)
689 2154 744 2190 11,
768 2157 779 2184 l
811 2163 885 2184 cum
913 2154 1075 2184 maiorem
1103 2154 1236 2193 quidem
1262 2153 1333 2183 filio
1366 2156 1384 2183 2
1413 2162 1490 2183 cum

78 2213 237 2243 maiorem
265 2211 336 2242 filio
392 2215 411 2242 3
439 2216 626 2242 samotrace
656 2211 661 2251 Ι
693 2212 889 2252 ampipolim
955 2211 1086 2249 XXIX,
1122 2211 1152 2248 1,
1191 2215 1203 2242 l
1234 2211 1404 2251 ampipolo
1471 2214 1489 2241 2

78 2270 187 2301 omnis
209 2270 216 2310 Ι
237 2270 510 2310 depositaessent
559 2273 578 2299 4
601 2269 855 2299 macedonisum
918 2268 950 2307 2,
982 2272 993 2300 1
1024 2274 1137 2299 tamen
1164 2269 1243 2300 noui
1278 2269 1313 2299 in
1346 2268 1490 2299 formam

80 2326 202 2369 (Gr-yn.
230 2332 259 2358 ec
283 2327 376 2358 ceteri
400 2326 637 2368 z'nterpunyunt:
662 2327 805 2367 praebuit
831 2327 988 2357 tribunal.
1032 2325 1099 2368 Cfr.
1127 2325 1200 2357 Em.
1226 2325 1310 2360 609.
1353 2324 1421 2357 Sed
1445 2324 1492 2356 ad

78 2385 210 2416 insueta
228 2384 340 2416 audiri
351 2385 496 2425 fortasse
510 2389 612 2424 potest
628 2389 734 2422 erant,
761 2390 867 2415 utnon
878 2395 1010 2425 prorsus
1037 2395 1114 2425 opus
1138 2384 1179 2415 sit
1202 2384 1299 2415 scribi
1315 2393 1489 2420 accensus,

77 2442 210 2473 insueta
227 2459 267 2464 —
286 2442 504 2482 auribusque,
532 2442 585 2472 vel
611 2442 736 2481 socios)
787 2445 805 2472 2
834 2447 1002 2473 summoto
1028 2443 1145 2473 additu
1165 2441 1297 2483 Kreys&
1320 2442 1398 2482 (cfr.
1415 2440 1488 2471 Em.

79 2498 98 2531 l.
119 2511 144 2530 c.
177 2500 273 2541 Gryn.
302 2505 489 2530 summotor
514 2500 641 2536 aditus)
703 2503 722 2530 3
750 2499 859 2530 hostis
925 2499 957 2536 3,
983 2503 1002 2530 3
1031 2506 1121 2531 esset
1176 2505 1195 2530 4
1223 2501 1455 2540 interpraetata
1481 2498 1486 2540 Ι

79 2556 287 2588 referebatur
346 2555 380 2593 4,
407 2560 427 2587 2
453 2557 610 2588 habentis
674 2560 692 2587 3
729 2567 838 2587 annus
865 2557 1010 2588 creantis
1072 2562 1088 2588 4
1118 2558 1332 2599 pependisset
1356 2557 1490 2596 legibus

78 2614 111 2655 5,
142 2618 161 2646 2
188 2614 274 2645 foret
299 2620 332 2645 et
371 2618 391 2645 3
417 2619 606 2654 trymonem
633 2619 665 2645 et
689 2623 826 2645 nessum
853 2614 897 2645 sit
910 2624 1042 2645 amnem
1063 2616 1106 2647 sit
1154 2615 1186 2654 6,
1217 2619 1229 2646 1
1260 2623 1490 2647 successurum

79 2675 99 2702 3
125 2671 484 2712 abderatistrymonem
511 2671 584 2713 My.
610 2671 684 2702 Em.
704 2669 777 2702 609
818 2672 938 2714 (Gryn.
955 2673 1113 2704 Abdera:
1139 2681 1232 2705 trans
1260 2672 1490 2715 Strymonem)

1521 341 1562 375 tl

1544 544 1596 588 29
