1742 2902
530 635 712 684 Liber
772 635 942 686 XLil,

143 852 186 886 L.
217 851 440 887 Postumius
471 851 656 896 Albinus,
695 851 749 888 M.
781 851 954 899 Popilius
985 852 1123 887 Laenas
1159 863 1241 888 cum
1274 852 1441 888 omnium
1535 838 1553 882 l

30 922 192 970 primum
237 920 283 955 de
323 919 528 968 provinciis
567 926 599 955 et
638 918 865 955 exercitibus
904 921 952 956 ad
991 928 1165 957 senatum
1195 920 1440 965 rettulissent,
1465 898 1694 975 ἓέὶὶῖῗξὲ

31 991 189 1038 Ligures
221 990 371 1037 utrique
400 989 541 1026 decreti
568 995 667 1033 sunt„
699 996 738 1024 ut
761 1001 883 1024 novas
911 989 1038 1034 ambo,
1071 991 1208 1037 quibus
1239 1003 1323 1026 eam
1354 1003 1443 1038 pro-
1476 993 1497 1027 2

29 1059 191 1096 vinciam
224 1059 450 1107 optinerent,
483 1059 651 1106 legiones
685 1057 802 1106 (binae
832 1058 990 1106 singulis
1020 1058 1200 1109 decretae)
1231 1066 1268 1095 et
1297 1060 1442 1096 socium

30 1129 156 1166 Latini
199 1128 361 1164 nominis
399 1128 498 1164 dena
540 1128 644 1164 milia
682 1128 851 1176 peditum
891 1135 929 1164 et
972 1141 1156 1165 sexcenos
1197 1129 1363 1176 equites,
1407 1136 1443 1165 et

29 1198 332 1246 supplementum
364 1197 563 1244 Hispaniae
605 1198 668 1233 111
709 1197 813 1233 milia
851 1198 1021 1245 peditum
1052 1199 1314 1234 Romanorum
1349 1198 1441 1234 scri-

28 1268 158 1304 berent
201 1273 238 1303 et-
275 1265 341 1303 CC
379 1266 536 1313 equites.
599 1266 664 1303 Ad
696 1267 770 1303 hoc
811 1267 911 1303 mille
950 1274 986 1303 et
1016 1268 1052 1303 D
1091 1267 1237 1315 pedites
1275 1267 1442 1304 Romani
1474 1272 1494 1307 3

24 1349 108 1374 cum
150 1343 298 1373 centum
342 1336 532 1383 equitibus
571 1337 684 1373 scribi
716 1337 827 1381 iussi,
872 1348 957 1372 cum
1002 1336 1140 1384 quibus
1181 1340 1342 1382 praetor,
1383 1335 1442 1371 cui

29 1406 205 1445 Sardinia
248 1406 464 1454 obtigisset,
503 1406 540 1441 in
572 1405 768 1442 Corsicam
810 1413 1071 1454 transgressus
1102 1405 1240 1441 bellum
1271 1410 1440 1452 gereret3

26 1476 173 1512 interim
216 1476 270 1512 M.
303 1476 466 1520 Atilius,
507 1482 615 1512 vetus
658 1483 816 1524 praetor,
854 1475 1091 1525 provinciam
1130 1474 1318 1522 optineret
1348 1475 1439 1511 Sar·
1472 1482 1494 1517 4

23 1543 180 1586 diniam.
254 1548 446 1583 Praetores
485 1546 622 1582 deinde
663 1547 883 1594 provincias
914 1546 1037 1582 sortiti
1067 1551 1176 1585 sunt,
1216 1546 1268 1581 A.
1298 1544 1441 1581 Atilius

28 1616 213 1655 Serranus
245 1616 444 1659 urbanam,
476 1614 519 1651 C.
540 1614 698 1652 Cluvius
719 1617 867 1654 Saxula
886 1617 984 1652 inter
1014 1616 1116 1652 cives
1138 1621 1174 1651 et
1203 1615 1439 1663 peregrinos,

26 1686 75 1722 N.
110 1686 253 1722 Fabius
284 1685 408 1721 Buteo
440 1685 670 1733 Hispaniam
702 1686 936 1731 citeriorem,
976 1686 1029 1721 M.
1060 1685 1253 1721 Matienus
1283 1685 1438 1721 ulterio-
1471 1696 1492 1729 5

26 1767 126 1799 rem,
168 1756 222 1793 M.
253 1754 392 1791 Furius
437 1754 636 1802 Crassipes
668 1755 857 1801 Siciliam,
903 1754 946 1793 C.
978 1754 1170 1791 Cicereius
1205 1753 1437 1790 Sardiniam.

26 1824 255 1872 Priusquam
293 1824 329 1860 in
368 1827 575 1872 provincias
610 1825 857 1873 magistratus
899 1825 1251 1873 proficiscerentur,
1291 1823 1440 1859 senatui
1471 1836 1492 1870 6

24 1893 178 1941 placuit,
210 1895 252 1930 L.
275 1894 517 1930 Postumium
548 1894 740 1931 consulem
771 1895 818 1930 ad
841 1906 973 1942 agrum
1006 1894 1198 1942 publicum
1231 1906 1253 1928 a
1283 1893 1436 1941 privato

26 1964 301 2000 terminandum
333 1965 371 2000 in
394 1964 646 2012 Campaniam
678 1964 744 2007 ire,
775 1965 880 1999 cuius
910 1964 1101 2010 ingentem
1127 1964 1280 2000 modum
1311 1963 1436 2011 possi·

26 2030 113 2068 dere
138 2033 311 2081 privatos
341 2034 527 2081 paulatim
568 2033 797 2082 proferendo
835 2034 927 2069 fines
968 2034 1182 2070 constabat.
1240 2032 1328 2076 Hic,
1358 2033 1434 2068 ira—
1468 2047 1491 2080 7

26 2107 84 2138 tus
114 2102 378 2148 Praenestinis,
424 2104 548 2151 quod,
588 2116 671 2140 cum
716 2117 760 2140 eo
801 2104 973 2152 privatus
1009 2103 1183 2140 sacrificii
1220 2103 1259 2139 in
1291 2103 1434 2152 templo

25 2169 203 2208 Fortunae
234 2171 403 2208 faciundi
433 2185 551 2209 eausa
580 2172 774 2222 profectus
805 2180 922 2218 esset,
968 2173 1059 2210 nihil
1088 2174 1126 2209 in
1156 2186 1197 2210 se
1225 2175 1434 2211 honorifice

24 2330 94 2370 1,1,
112 2336 126 2363 1
142 2333 302 2374 popillius
331 2339 348 2366 2
368 2338 746 2377 prouincisexercitibus
767 2336 896 2368 Vahlen.
915 2336 1036 2378 (Gryn.
1051 2338 1338 2379 exercitibusque)
1363 2339 1367 2378 Ι
1389 2340 1432 2370 ab

22 2395 174 2421 senatum
211 2391 244 2429 2,
260 2396 279 2423 3
294 2393 335 2424 dc
352 2394 481 2433 equites
495 2394 603 2426 Drak.
640 2395 672 2433 3,
691 2399 701 2425 l
725 2402 758 2426 et
783 2406 830 2426 .a.
858 2395 987 2435 pedites
1026 2399 1044 2426 2
1060 2402 1197 2428 centum
1212 2398 1380 2437 equitibus
1395 2407 1432 2428 ec

26 2446 125 2477 scribi
146 2448 237 2479 iussa
269 2449 301 2487 4,
325 2453 337 2480 1
358 2452 534 2491 prouincia
566 2452 598 2490 5,
622 2457 635 2483 1
654 2463 704 2484 cn.
726 2453 837 2484 fabius
858 2452 966 2494 Siqon.
1004 2458 1022 2484 2
1043 2455 1207 2496 crassiper
1239 2455 1270 2492 6,
1290 2459 1302 2485 1
1322 2457 1431 2497 prius-

26 2511 124 2542 quam
158 2505 190 2535 in
221 2508 437 2547 magistratus
468 2509 599 2551 Kreyss.
636 2510 753 2552 (Gt-yn.
781 2511 975 2552 priusquam
1004 2514 1221 2553 magistratus
1244 2515 1347 2557 prof.)
1411 2520 1431 2546 4

20 2562 202 2593 contrabat
262 2563 292 2602 7,
320 2569 337 2595 2
370 2575 448 2596 cum
482 2576 521 2598 eo
548 2569 698 2608 priuatas
730 2569 890 2608 paulatim
918 2570 1118 2610 proferendo
1143 2574 1226 2606 fines
1253 2575 1434 2606 constabat

24 2615 79 2646 hie
103 2618 205 2650 iratus
232 2623 441 2660 praenestinis
468 2625 557 2664 quod
583 2635 657 2656 cum
686 2635 725 2657 eo
751 2627 903 2667 priuatus
930 2631 1071 2662 sacrifici
