1742 2902
473 118 574 149 Liber
601 118 710 149 XLII.
761 119 822 157 (Α.
853 119 930 150 Chr.
965 121 1057 156 171.)
1369 121 1416 155 73

60 240 228 278 Licinius
259 240 393 276 consul
427 247 580 276 senatus
608 225 800 278 consulta*
822 241 973 279 recitari
1003 242 1133 283 iussit,
1165 240 1360 289 primum„
1398 252 1473 288 quo

0 350 1 362 χ
61 307 199 346 bellum
218 314 374 344 senatus
393 309 526 345 Persei
555 310 738 353 iussisset,
769 309 917 353 deinde,
949 322 1024 357 quo
1055 317 1204 346 veteres
1235 309 1474 346 centuriones

61 389 174 425 quam
220 377 404 425 plurimos
449 378 497 414 ad
541 379 579 414 id
624 379 762 415 bellum
794 379 909 414 scribi
941 379 1148 414 censuisset
1178 390 1247 414 nec
1277 379 1365 419 ulli,
1411 379 1475 426 qui

58 458 135 483 non
167 446 290 483 maior
320 447 428 483 annis
459 448 739 496 quinquaginta
769 455 893 493 esset,
936 448 1175 484 vacationem
1210 448 1351 484 militiae
1382 459 1475 484 esse.

59 515 301 563 Deprecatus
332 521 389 552 est
418 516 573 561 deinde,
605 530 651 554 ne
681 530 783 554 novo
814 517 935 563 bello,
973 525 1051 554 tam
1091 518 1309 566 propinquo
1341 517 1474 561 Italiae,

59 584 244 621 adversus
274 596 400 633 regem
432 586 760 634 potentissimum,
799 594 864 624 aut
897 587 1070 623 tribunos
1102 587 1260 622 militum
1297 587 1474 623 dilectum

59 653 244 690 habentes
283 654 515 702 inpedirent,
560 663 626 692 aut
656 658 903 705 prohiberent
933 656 1148 700 consulem,
1195 667 1306 703 quem
1339 656 1476 703 cuique

59 723 228 759 ordinem
263 723 459 772 adsignari
490 738 509 761 e
537 738 577 762 re
606 726 760 774 publica
791 733 901 765 esset,
934 738 1018 762 eum
1051 726 1268 773 adsignare.
1313 724 1354 762 Si
1385 724 1475 772 quid

58 793 96 828 in
127 805 173 828 ea
202 805 243 828 re
273 793 428 830 dubium
461 801 572 838 esset,
604 795 652 830 ad
683 802 857 831 senatum
888 796 1085 832 reicerent.

171 862 385 909 Postquam
417 864 562 908 consul,
593 876 678 912 quae
707 864 895 908 voluerat,
927 863 1044 907 dixit,
1076 863 1142 911 Sp.
1175 863 1396 911 Ligustinus
1428 875 1475 898 ex

0 926 1 946 ³
59 942 103 967 eo
134 943 306 976 numero,
338 932 402 980 qui
432 933 606 969 tribunos
630 933 752 982 plebis
783 933 1085 982 appellaverant,
1118 945 1140 968 a
1176 931 1331 969 consule
1361 938 1397 966 et
1428 933 1475 967 ab

60 1000 221 1037 tribunis
252 1001 370 1049 petiit,
399 1008 439 1037 ut-
466 1002 538 1038 sibi
569 1002 702 1050 paucis
736 1002 784 1038 ad
814 1002 998 1050 populum
1033 1014 1147 1050 agere
1178 1003 1321 1039 liceret.
1382 1002 1476 1036 Per-

59 1070 175 1106 missu
207 1071 374 1106 omnium
414 1071 469 1107 ita
506 1071 654 1108 locutus
685 1071 820 1108 fertur:
856 1071 948 1119 ‚„Sp.
976 1072 1199 1119 Ligustinus
1229 1071 1350 1107 tribus
1380 1069 1475 1107 Cru-

59 1140 235 1175 stuminae
265 1152 312 1176 ex
344 1140 498 1177 Sabinis
538 1152 621 1176 sum
663 1141 871 1186 oriundus,
903 1141 1084 1187 Quirites.
1150 1142 1270 1177 Pater
1300 1139 1390 1176 mihi
1420 1140 1476 1176 iu-

57 1220 189 1257 gerum
223 1210 306 1258 agri
335 1210 489 1257 reliquit
520 1216 556 1246 et
586 1223 749 1258 parvom
782 1210 988 1259 tugurium,
1019 1210 1056 1246 in
1089 1223 1163 1258 quo
1194 1217 1306 1246 natus
1339 1210 1476 1246 educa-

57 1285 195 1327 tusque
225 1291 328 1323 sum3
374 1279 566 1327 hodieque
598 1279 649 1315 ibi
687 1279 832 1317 habito.
907 1278 1002 1315 Cum
1043 1280 1207 1326 primum
1249 1280 1287 1315 in
1327 1286 1476 1315 aetatem

58 1348 158 1394 veni,
191 1355 300 1397 pater
331 1349 423 1385 mihi
454 1361 612 1385 uxorem
644 1348 774 1384 fratris
816 1348 873 1384 sui
905 1348 1022 1384 filiam
1058 1348 1181 1393 dedit,
1223 1361 1307 1397 quae
1347 1360 1476 1384 secum

56 1417 149 1454 nihil
179 1417 315 1453 adtulit
359 1424 496 1466 praeter
541 1418 753 1454 libertatern
798 1418 1099 1466 pudicitiamque
1140 1424 1177 1453 et
1219 1430 1302 1454 cum
1334 1418 1392 1453 his
1424 1417 1477 1453 fe-

58 1486 312 1531 cunditatem,
359 1494 504 1535 quanta
548 1488 607 1524 vel
651 1488 689 1523 in
730 1487 797 1523 diti
836 1487 951 1523 domo
992 1487 1085 1522 satis
1125 1495 1235 1522 esset.
1301 1487 1380 1524 Sex
1409 1485 1474 1521 filii

56 1555 178 1601 nobis,
211 1556 293 1592 duae
324 1557 409 1593 filiae
438 1563 538 1602 sunt,
568 1564 739 1604 utraeque
767 1557 842 1593 iam
875 1563 1023 1605 nuptae;
1052 1556 1120 1592 filii
1155 1562 1336 1603 quattuor
1365 1561 1475 1602 togas

56 1625 185 1661 viriles
216 1626 371 1671 habent,
399 1627 474 1663 duo
505 1627 723 1675 praetextati
756 1633 854 1663 sunt.
918 1626 1029 1661 Miles
1059 1637 1141 1661 sum
1176 1624 1301 1661 sactus
1324 1626 1368 1661 P.
1389 1624 1475 1661 Sul-

56 1695 170 1744 picio,
201 1695 244 1733 O.
275 1696 437 1733 Aurelio
467 1697 703 1741 consulibus;
747 1697 785 1732 in
816 1709 860 1732 eo
892 1696 1080 1739 exercitu,
1126 1695 1191 1742 qui
1224 1694 1262 1730 in
1292 1694 1474 1730 Macedo-

56 1764 160 1801 niam
194 1772 251 1802 est
280 1772 577 1814 transportatus,
611 1766 803 1802 biennium
836 1765 943 1802 miles
976 1764 1176 1812 gregarius
1204 1764 1259 1800 fui
1291 1765 1474 1800 adversus

57 1834 278 1882 Philippum
311 1847 460 1883 regem;
491 1835 603 1871 tertio
635 1847 735 1871 anno
765 1835 916 1871 virtutis
946 1846 1064 1870 causa
1094 1834 1186 1869 mihi
1216 1834 1263 1869 T.
1276 1833 1474 1879 Quinctius

58 1903 298 1940 Flamininus
328 1905 528 1941 decumum
570 1905 740 1940 ordinem
781 1905 973 1940 hastatum
1015 1902 1244 1951 adsignavit.
1310 1901 1473 1937 Devicto

58 1972 240 2021 Philippo
266 1973 634 2021 Macedonibusque,
665 1985 749 2010 cum
779 1973 817 2009 in
847 1972 999 2009 Italiam
1030 1971 1217 2021 reportati
1247 1983 1292 2007 ac
1329 1970 1475 2006 dimissi

59 2053 241 2087 essemus,
273 2043 452 2079 continuo
485 2043 592 2079 miles
621 2043 861 2079 voluntarius
892 2055 977 2079 cum
1010 2042 1063 2077 Μ.
1081 2041 1222 2077 Porcio
1250 2040 1407 2077 consule
1435 2040 1474 2076 in

59 2164 93 2204 4,
121 2170 139 2196 2
170 2166 288 2197 consul
315 2176 360 2197 sc.
385 2166 390 2206 l
411 2167 556 2207 primum
583 2168 674 2206 quod
700 2184 744 2189 ——
771 2167 891 2197 deinde
918 2166 1007 2206 quod
1033 2165 1073 2195 P.
1102 2164 1310 2195 Burmannus
1352 2167 1370 2194 3
1397 2172 1473 2204 per-

61 2223 129 2254 seio
155 2223 274 2265 (Gt-yn.
289 2223 428 2264 Perseo)
452 2228 472 2254 4
487 2224 671 2264 plurimum
695 2223 792 2255 Gron.
820 2224 852 2261 ὅ,
881 2227 894 2253 l
926 2223 1133 2263 depraecatus
1151 2230 1154 2259 ξ
1174 2221 1425 2252 deindeinnouo
1453 2224 1471 2250 2

59 2292 333 2332 potentissimaut
368 2296 387 2322 3
415 2292 572 2323 habentis
622 2293 654 2330 6,
684 2296 696 2323 1
728 2292 882 2331 cuiquem
933 2295 951 2321 2
979 2300 1056 2321 eum
1081 2278 1271 2330 adsignarei'
1296 2291 1324 2322 si
1350 2290 1430 2328 quid
1457 2278 1474 2320 e

60 2359 95 2390 in
120 2369 160 2390 ea
208 2363 228 2391 3
254 2361 444 2391 reiecerunt
490 2361 658 2400 XXXIV,
686 2361 716 2398 1,
747 2364 760 2391 1
789 2359 959 2400 ligustinis
1011 2363 1028 2389 2
1056 2359 1113 2400 qui
1139 2365 1178 2389 tr.
1205 2346 1237 2400 p.
1263 2359 1474 2400 pellauerant

62 2431 82 2459 3
119 2428 254 2460 tribuno
286 2429 370 2470 petit
429 2429 461 2466 2,
493 2433 506 2460 l
536 2431 746 2461 crustumina
771 2438 812 2459 ex
837 2416 856 2459 o
883 2428 1024 2458 sabinus
1059 2431 1077 2458 2
1104 2418 1269 2467 iugeri'um
1297 2427 1473 2466 3reliquid

62 2499 80 2526 4
105 2497 352 2538 hodiecumque
402 2497 436 2535 4,
465 2501 479 2529 1
507 2498 555 2528 fili
593 2503 610 2528 2
640 2498 687 2528 fili
725 2502 744 2528 3
762 2498 868 2529 uirilis
917 2496 948 2535 5,
977 2501 995 2528 2
1021 2484 1290 2528 mailcaedoniam
1339 2499 1358 2526 3
1388 2505 1473 2535 grae-

61 2554 172 2593 garius
222 2558 242 2585 4
266 2555 350 2586 mihi
377 2555 457 2586 mihi
473 2560 496 2586 t.
537 2558 554 2586 5
576 2554 675 2597 Gryn.
703 2554 891 2586 Flaminius
939 2554 971 2593 6,
999 2559 1017 2585 2
1044 2555 1169 2596 portati
1181 2554 1326 2586 Perizon.
1367 2557 1386 2584 8
1412 2563 1474 2583 uo-

58 2609 235 2642 lumtarius

1535 857 1589 902 34
