1742 2902
450 124 553 156 Liber
577 122 671 156 XLI.
719 122 784 163 (Α.
810 121 890 154 Chr.
922 121 1017 163 177.)
1349 121 1392 157 13

35 246 147 284 trium
174 246 403 294 oppidorum
435 245 584 282 excidio
615 251 652 280 et
686 234 808 280 m0¹rte
839 244 938 291 regis
971 250 1108 291 pacata
1137 247 1206 285 est,
1237 253 1446 288 omnesque

36 316 201 363 undique
230 315 374 364 populi,
414 315 612 351 obsidibus
642 314 763 356 datis,
799 314 835 349 in
868 314 1054 349 dicionem
1093 318 1288 349 venerunt.
1367 311 1447 347 Sub

37 386 193 424 Histrici
237 387 348 422 finem
394 385 483 421 belli
538 390 631 432 aput
671 383 831 432 Ligures
876 383 1037 420 concilia
1081 383 1127 418 de
1170 381 1270 418 bello
1315 380 1448 417 haberi

37 462 172 505 coepta.

146 525 208 563 Ti.
254 524 438 563 Claudius
482 523 699 572 proconsul,
748 523 812 571 qui
859 528 1001 571 praetor
1046 522 1173 570 priore
1217 533 1317 557 anno
1366 519 1447 556 fue-

36 602 115 639 rat,
187 607 270 630 cum
315 593 491 642 praesidio
542 593 703 641 legionis
759 593 869 629 unius
924 592 1024 628 Pisis
1076 597 1250 640 praeerat.
1330 589 1448 627 Cuius

35 664 171 702 litteris
202 671 356 700 senatus
389 664 527 700 certior
555 663 692 707 factus,v
742 675 806 699 eas
850 663 953 711 ipsas
995 662 1141 697 litteras
1173 661 1222 696 ad
1254 659 1297 697 C.
1330 658 1449 696 Clau-

37 735 139 772 dium
173 737 277 778 (nam
311 735 406 770 alter
435 734 567 770 consul
596 733 671 769 iam
704 734 742 769 in
773 732 989 770 Sardiniam
1023 731 1241 777 traiecerat)
1274 730 1450 766 deferen-

37 805 106 842 das
151 810 301 848 censet;
346 811 384 840 et
429 804 542 840 adicit
587 804 801 847 decretum,
847 803 1026 849 quoniam
1063 801 1212 838 His-tria
1250 800 1451 849 provincia

37 874 211 913 confecta
241 880 351 917 esset,
382 873 413 909 si
435 873 467 908 ei
490 873 695 917 videretur,
726 872 934 908 exercitum
968 872 1185 907 traduceret
1210 871 1247 906 in
1273 871 1448 918 Ligures·

38 944 161 984 Simul
203 956 251 980 ex
287 943 421 979 litteris
463 943 650 986 consulis,
699 954 795 990 quas
836 942 883 978 de
919 942 1033 978 rebus
1074 941 1112 977 in
1144 940 1292 977 Histria
1333 939 1450 988 gestis

37 1015 253 1063 scripserat,
284 1013 321 1049 in
346 1014 501 1050 biduum
528 1012 756 1061 supplicatio
786 1012 950 1048 decreta.
998 1012 1048 1048 Et
1079 1012 1125 1047 ab
1152 1011 1272 1046 altero
1297 1008 1452 1045 consule

37 1084 98 1121 Ti.
123 1083 352 1132 Sempronio
382 1082 629 1119 in-Sardinia
669 1094 854 1130 prospere
886 1094 946 1118 res
973 1089 1093 1130 gesta.
1159 1081 1382 1118 Exercitum
1413 1080 1452 1115 in

38 1166 173 1203 agrum
205 1153 415 1191 Sardorum
447 1152 642 1188 Iliensium
674 1152 837 1190 induxit.
888 1152 1117 1187 Balarorum
1136 1163 1277 1199 magna
1309 1149 1454 1185 auxilia

36 1224 240 1262 Iliensibus
270 1228 466 1259 venerant.
546 1220 642 1258 Cum
675 1229 836 1269 utraque
869 1230 981 1269 gente
1018 1221 1137 1269 signis
1170 1220 1332 1257 conlatis
1363 1232 1453 1255 con-

37 1294 146 1331 flixit.
218 1292 314 1330 Fusi
352 1291 550 1340 fugatique
601 1292 732 1327 hostes
787 1291 999 1338 castrisque
1044 1290 1171 1333 exuti3
1222 1290 1307 1326 XII
1350 1289 1455 1326 milia

38 1369 271 1401 armatorum
305 1374 415 1398 caesa.
481 1363 644 1399 Postero
675 1362 736 1397 die
770 1373 878 1397 arma
913 1361 1012 1396 lecta
1052 1360 1173 1396 conici
1202 1360 1241 1396 in
1272 1372 1453 1396 acervum

37 1434 147 1470 iussit
176 1433 310 1470 consul
335 1444 563 1480 sacrumque
593 1432 629 1468 id
648 1431 823 1467 Vulcano
855 1430 1051 1468 cremavit.
1117 1431 1314 1466 Victorem
1345 1443 1453 1466 exer-

38 1504 153 1542 citum
183 1503 222 1539 in
252 1502 413 1538 hiberna
452 1502 643 1538 sociarum
674 1501 824 1537 urbium
856 1501 1020 1538 reduxit.
1096 1501 1148 1536 Et
1178 1500 1222 1537 C.
1255 1499 1453 1545 Claudius,

37 1573 171 1610 litteris
202 1573 263 1611 Ti.
295 1571 434 1608 Claudi
464 1578 500 1607 et
529 1579 683 1607 senatus
723 1572 896 1607 consulto
931 1577 1109 1618 accepto,
1140 1583 1189 1606 ex
1218 1570 1368 1606 Histria
1398 1570 1454 1606 le-

39 1643 171 1693 giones
201 1643 239 1679 in
257 1643 418 1690 Ligures
449 1641 678 1677 transduxit.
729 1642 795 1678 Ad
826 1641 1073 1678 Scultennam
1104 1641 1245 1676 flumen
1277 1641 1315 1676 in
1347 1653 1453 1676 cam-

39 1725 110 1762 pos
141 1711 336 1762 progressi
367 1718 493 1748 castra
524 1711 718 1748 habebant
748 1712 892 1747 hostes.
975 1712 1035 1747 Ibi
1071 1723 1155 1747 cum
1194 1711 1242 1747 iis
1284 1711 1367 1747 acie
1397 1710 1454 1746 di-

39 1783 232 1820 micatum.
339 1782 422 1818 XV
466 1781 570 1817 milia
613 1795 731 1826 caesa,
789 1782 875 1830 plus
919 1780 1027 1818 DCC
1090 1788 1155 1817 aut
1217 1780 1256 1816 in
1317 1779 1454 1827 proelio

41 1858 105 1890 aut
133 1853 171 1888 in
203 1851 338 1888 castris
369 1852 478 1897 (nam
508 1865 554 1888 ea
585 1865 738 1900 quoque
759 1858 980 1900 expugnata
997 1852 1102 1893 sunt)
1133 1851 1248 1899 capti,
1279 1856 1316 1886 ct
1345 1850 1456 1898 signa

40 1922 218 1959 militaria
248 1935 364 1958 unum
394 1928 431 1958 et
463 1923 494 1958 L
524 1929 649 1970 capta.
702 1923 883 1970 Ligures,
913 1921 1083 1969 reliquiae
1113 1921 1247 1964 caedis,
1277 1920 1316 1956 in
1345 1932 1454 1956 mon-

40 1996 96 2029 tes
125 1991 359 2041 refugerunt,
403 1992 625 2040 passimque
665 1991 865 2040 populanti
896 1999 1129 2040 campestres
1161 2003 1276 2038 agros
1307 1989 1455 2026 consuli

39 2062 143 2099 nulla
170 2075 334 2111 usquam
370 2069 631 2110 apparuerunt
662 2074 782 2098 arma.
848 2061 1051 2105 Claudius,
1091 2060 1251 2096 duarum
1283 2059 1452 2108 gentium

41 2143 116 2169 uno
146 2145 246 2169 anno
279 2132 414 2176 vietor,
445 2132 606 2177 duabus,
638 2132 740 2179 quod
771 2144 860 2168 raro
892 2131 1001 2176 alius,
1030 2131 1068 2167 in
1106 2130 1305 2168 consulatu
1337 2141 1454 2178 paca-

41 2201 88 2238 tis
119 2203 337 2251 provinciis,
367 2203 532 2239 Romam
565 2202 734 2239 revertit.

41 2337 73 2376 9,
110 2342 127 2369 2
165 2349 360 2381 omnesquae
417 2344 436 2371 3
462 2324 598 2381 populis
654 2338 744 2376 XII,
780 2338 812 2375 1,
843 2341 856 2368 l
888 2343 922 2369 .t.
951 2338 1104 2369 claudius
1131 2336 1243 2379 Sigon.
1277 2337 1283 2377 1
1318 2336 1454 2368 fuerant

42 2404 75 2445 2,
102 2411 120 2438 2
154 2408 278 2440 factust
334 2409 366 2447 3,
394 2413 412 2440 2
448 2415 607 2440 consecra
663 2408 696 2445 4,
723 2412 741 2438 2
779 2407 957 2448 suplicatio
980 2405 985 2446 Ι
1007 2413 1040 2438 et
1073 2407 1178 2438 altero
1240 2410 1259 2437 2
1292 2416 1384 2438 cons.
1412 2406 1454 2437 iis

43 2466 232 2505 sempronio
288 2469 307 2497 3
335 2467 516 2498 sardiniam
539 2467 543 2505 1
567 2466 676 2505 gestia
708 2464 829 2506 (Gr-yn.
858 2465 977 2504 gestae)
1031 2463 1063 2501 5,
1091 2468 1109 2495 2
1135 2464 1316 2496 illiensium
1366 2468 1385 2495 3
1412 2464 1453 2494 il-

42 2519 194 2554 liensium
253 2523 285 2557 8,
316 2527 329 2554 l
359 2525 552 2555 cultennam
576 2529 605 2554 ee
630 2523 736 2554 iterum
763 2522 817 2561 18,
844 2522 880 2560 13
919 2521 984 2553 vid.
1016 2520 1104 2553 Cluv.
1132 2521 1208 2553 Ital.
1244 2522 1319 2552 Ant.
1346 2520 1376 2559 I,
1403 2519 1454 2552 36

39 2587 72 2620 p.
91 2579 169 2611 417.
221 2584 239 2611 2
265 2581 316 2612 his
343 2580 476 2623 Kreyss.
515 2585 534 2612 3
554 2591 599 2611 xu
626 2591 713 2612 caesa
738 2580 814 2620 plus
841 2580 898 2611 dct
936 2584 957 2611 4
983 2581 1083 2621 capiti
1132 2579 1165 2617 9,
1194 2584 1212 2610 2
1238 2580 1367 2620 passim
1393 2589 1453 2621 po·

41 2636 245 2678 palantiquae
271 2637 343 2680 My.
370 2638 444 2670 Em.
467 2637 547 2672 499.
571 2639 576 2679 Ι
599 2638 794 2679 campestris
844 2637 898 2676 10,
925 2641 944 2669 2
970 2639 1166 2679 pacatisque
1205 2641 1224 2668 3
1240 2638 1362 2668 evertit

1484 311 1528 346 10

1509 513 1559 560 12

1489 2057 1534 2092 10
