1753 2934
264 169 311 205 (58
734 149 738 152 -
822 169 994 200 Periocliae

204 297 357 335 Parthos,
380 298 434 338 qui
463 298 492 327 in
521 298 652 338 Syriam
679 301 964 337 transcenderant,
991 301 1122 333 cecidit.
1174 302 1210 331 In
1235 303 1396 342 petitione
1415 303 1609 335 consulatus

203 358 252 391 M.
281 357 364 389 Cato
392 359 556 398 repulsam
584 359 670 394 tulit,
705 362 825 392 creatis
851 362 1046 393 consulibus
1073 362 1145 394 Ser.
1172 363 1331 404 Sulpicio.
1360 363 1406 396 M.
1434 363 1609 397 Marcello.

204 420 242 452 C.
271 418 382 450 Caesar
409 420 605 451 Bellovacos
641 430 714 451 cum
748 422 823 453 aliis
860 421 1037 454 Gallorum
1074 424 1206 464 populis
1240 425 1378 457 domuit.
1441 424 1609 457 Praeterea

204 481 435 512 contentiones
467 482 553 512 inter
578 483 732 514 consules
759 484 799 514 de
826 493 1017 515 successore
1046 484 1084 517 C.
1112 483 1235 516 Caesari
1271 487 1451 523 mittendo,
1486 492 1607 525 agente

202 543 234 572 in
262 548 378 573 senatu
406 541 453 575 M.
469 543 633 574 Marcello
660 554 739 579 cos..
767 550 803 575 ut
825 544 939 575 Caesar
964 547 1003 575 nd
1031 547 1222 586 petitionem
1250 548 1444 579 consulatus
1470 548 1606 585 veniret,

202 614 303 644 quum
338 605 365 634 is
398 604 469 644 lege
502 605 571 635 lata
606 606 638 635 in
673 610 805 646 tempus
840 606 1031 637 consulatus
1065 608 1256 647 provincias
1281 609 1432 639 obtinere
1458 610 1604 647 deberet,

201 674 318 705 resque
345 676 364 696 a
390 666 438 698 M.
465 666 588 697 Bibulo
616 668 648 696 in
675 666 771 706 Syria
796 674 908 707 gestas
935 668 1093 700 continet.

754 781 816 812 EX
844 781 932 814 LIB.
961 781 1050 813 CIX.

521 870 598 910 QUI
623 872 711 904 EST
737 870 911 904 CIVILIS
938 872 1075 903 BELLI
1101 872 1291 906 PRIMUS.

291 961 410 993 Causae
443 962 585 992 civilium
619 972 784 994 armorum
821 969 853 994 et
889 965 984 994 initia
1016 964 1204 995 referuntur
1236 965 1534 1005 contentionesque
1560 965 1601 996 de

198 1033 389 1056 successore
416 1022 454 1055 C.
477 1023 600 1055 Caesari
628 1026 799 1058 mittendo.
827 1035 928 1065 quum
958 1036 992 1056 se
1019 1027 1229 1056 dimissurum
1258 1026 1424 1057 exercitus
1450 1032 1600 1065 negaret,

197 1085 260 1116 nisi
287 1096 306 1116 a
334 1085 496 1126 Pompeio
523 1086 780 1119 dimitterentur.
830 1088 874 1118 Et
891 1086 930 1119 C.
950 1086 1106 1118 Curionis
1134 1093 1174 1119 tr,
1201 1088 1244 1127 pl.
1271 1088 1414 1128 primum
1441 1089 1599 1119 adversus

200 1147 377 1183 Caesarem,
403 1147 479 1177 dein
506 1158 565 1188 pro
585 1146 717 1179 Coesare
743 1148 892 1179 actiones
919 1150 1079 1181 contiiiet.
1133 1148 1241 1186 Quum
1257 1156 1392 1180 senatus
1407 1148 1599 1179 consultum

195 1208 320 1240 factum
349 1215 446 1245 esset,
473 1214 510 1238 ut
535 1218 710 1239 successor
737 1208 859 1240 Caesari
886 1210 1082 1247 mitteretur,
1111 1210 1157 1242 M.
1178 1211 1329 1241 Antonio
1355 1216 1387 1241 et
1415 1209 1454 1248 Q.
1481 1208 1598 1241 Cassio

195 1277 236 1302 tr.
251 1270 307 1310 pl..
335 1270 492 1310 quoniam
520 1270 816 1301 intercessionibus
838 1271 868 1301 id
891 1277 1024 1302 senatus
1047 1272 1236 1302 consultum
1252 1272 1489 1312 impediebant.
1517 1271 1598 1302 urbe

193 1331 309 1372 pulsis,
336 1332 600 1371 mandatumque
626 1341 645 1361 a
670 1339 787 1362 se1.atu
814 1332 1009 1363 consulibus
1035 1339 1067 1363 et
1093 1331 1154 1365 Cn.
1177 1332 1348 1373 Pompeio,
1376 1340 1411 1364 ut
1436 1333 1596 1370 viderent,

193 1403 235 1423 ne
261 1393 341 1432 quid
368 1402 420 1423 res
445 1393 581 1433 publica
607 1394 797 1424 detrimenti
825 1401 974 1434 caperet,
1014 1393 1053 1426 C.
1081 1393 1195 1425 Caesar
1229 1395 1317 1425 bello
1343 1394 1496 1424 inimicos
1522 1404 1596 1435 per-

193 1461 368 1485 secuturus
401 1464 475 1484 eum
511 1455 659 1485 exercitu
694 1456 726 1486 in
753 1455 887 1486 Italiam
922 1457 1029 1493 venit,
1068 1455 1253 1487 Corfinium
1280 1466 1354 1486 cum
1382 1456 1420 1487 L.
1449 1455 1601 1486 Domitio

193 1523 223 1546 et
250 1516 288 1549 P.
316 1516 460 1547 Lentulo
487 1517 576 1556 eepit
601 1526 723 1556 eosque
751 1517 888 1555 dimisit,
916 1516 979 1550 Cn.
1004 1517 1204 1558 Pompeium
1233 1524 1431 1558 ceterosque
1456 1517 1600 1558 partium

192 1578 262 1609 eius
289 1577 390 1608 Italia
416 1577 557 1618 expulit.

756 1714 820 1745 EX
846 1716 933 1749 LIB.
960 1716 1032 1755 CX,

472 1805 552 1844 QUI
579 1806 667 1838 EST
694 1805 867 1839 CIVILIS
894 1807 1032 1839 BELLI
1061 1807 1320 1840 SECUNDUS.

282 1896 320 1930 C.
349 1897 460 1928 Caesar
485 1897 694 1933 Massiliam,
730 1908 803 1937 quae
829 1906 942 1941 portas
969 1901 1131 1936 eluserat,
1165 1899 1298 1929 obsedit
1323 1904 1374 1935 et,
1409 1898 1535 1929 relictis
1560 1898 1595 1929 in

187 1960 361 1991 obsidione
396 1960 487 1990 urbis
519 1961 590 1990 eius
626 1959 746 1999 legatis
782 1960 820 1992 C.
853 1961 1024 1992 Trebonio
1061 1967 1092 1991 et
1126 1960 1167 1994 D,
1197 1959 1322 1995 Bruto,
1355 1958 1527 1999 profectus
1559 1959 1594 1989 in

186 2022 387 2062 Hispaniam
411 2022 450 2053 L.
473 2021 652 2052 Afranium
680 2028 711 2051 et
733 2022 780 2054 M.
803 2021 982 2059 Petreium,
1009 2023 1138 2060 legatos
1159 2021 1220 2053 Cn.
1236 2021 1399 2061 Pompeii,
1427 2031 1501 2051 cum
1524 2020 1593 2051 VII

185 2084 376 2123 legionibus
402 2085 444 2114 ad
471 2083 615 2113 Ilerdam
652 2084 685 2113 in
720 2083 923 2114 deditionem
958 2084 1088 2124 accepit
1115 2092 1299 2122 omnesque
1333 2081 1517 2112 incolumes
1543 2082 1593 2112 di-

185 2145 284 2182 misit,
311 2145 465 2175 Varrone
483 2154 626 2185 quoque,
652 2145 764 2183 legato
781 2144 943 2185 Pompeii,
971 2154 1044 2174 eum
1066 2145 1216 2174 exercitu
1231 2144 1263 2173 in
1279 2148 1478 2184 potestatem
1494 2153 1590 2174 suam

184 2207 332 2238 redacto.
395 2206 571 2238 Gaditanis
611 2207 776 2237 civitatem
814 2206 917 2238 (ledit.
978 2206 1207 2236 Massilienses
1245 2205 1376 2236 duobus
1414 2204 1591 2235 navalibus

184 2268 310 2309 proeliis
335 2269 411 2299 victi
438 2275 513 2309 post
539 2268 674 2307 longam
702 2268 910 2299 obsidionem
948 2268 1103 2308 potestati
1133 2267 1272 2299 faesaris
1298 2276 1333 2298 se
1357 2267 1592 2307 permiserunt.

186 2329 223 2361 C.
255 2330 423 2360 Antonius
456 2331 587 2369 legatus
622 2328 763 2360 Caesaris
799 2329 886 2359 male
925 2330 1084 2360 adversus
1120 2328 1344 2369 Pompeianos
1381 2328 1415 2358 in
1452 2327 1589 2368 Illyrico

183 2391 284 2422 rebus
310 2392 413 2431 gestis
442 2398 558 2432 captus
585 2398 652 2429 est3
686 2392 719 2421 in
746 2400 812 2430 quo
838 2390 928 2421 bello
955 2389 1142 2431 Opitergini
1168 2390 1416 2430 Transpadani,
1446 2388 1589 2420 Caesaris

182 2453 374 2490 auxiliares,
410 2459 480 2483 rate
509 2463 569 2484 sua
595 2453 636 2483 ab
664 2452 842 2483 hostilibus
868 2452 1008 2482 navibus
1035 2451 1139 2487 clusa,
1170 2452 1280 2492 potius
1307 2460 1406 2490 quam
1433 2451 1466 2481 in
1493 2456 1589 2491 pote-

181 2520 300 2546 statem
327 2515 474 2546 hostium
500 2515 661 2551 venirent,
689 2515 775 2544 inter
799 2523 833 2544 se
860 2519 1099 2544 concurrentes
1126 2514 1368 2545 occubuerunt.
1417 2511 1455 2544 C.
1473 2511 1586 2550 Curio,

180 2576 312 2616 legatus
339 2575 482 2607 Caesuris
508 2576 541 2606 in
567 2575 694 2613 Africa,
730 2585 830 2615 quum
857 2554 1015 2615 prosp-ere
1047 2575 1209 2605 adversus
1235 2574 1376 2612 Varum,
1409 2574 1588 2614 Pompeia·
1633 2572 1636 2579 ’

180 2647 299 2668 narum
325 2638 469 2678 partium
488 2638 618 2675 ducem,
645 2643 839 2678 pugnasset,
867 2647 886 2667 a
909 2635 993 2666 Iuba
1010 2645 1088 2676 rege
1108 2635 1327 2667 Mauretaniae
1345 2646 1419 2667 cum
1439 2635 1588 2667 exercitu

180 2709 284 2731 caesus
312 2705 370 2732 est.
423 2698 460 2732 C.
487 2697 600 2730 Caesar
626 2699 659 2729 in
685 2698 850 2730 Graeciam
877 2698 1021 2732 traiecit.
