1742 2902
165 371 217 416 36

231 1486 248 1519 x]

333 124 381 157 76
680 118 780 148 Liber
805 116 916 147 XLII.
971 118 1028 152 (A.
1059 126 1088 146 u.
1117 125 1143 146 c.
1174 116 1268 154 583.)

276 241 363 277 item
394 240 542 287 legatos
570 246 645 274 tres
675 239 729 274 ire
760 238 916 286 placuit,
947 239 998 276 Α.
1029 238 1270 274 Postumium
1302 237 1498 280 Albinum,
1534 235 1577 273 C.
1609 237 1691 273 De·

276 310 442 350 cimium,
476 309 526 344 A.
562 307 744 343 Licinium
777 308 963 345 Nervam.

387 377 465 412 Per
493 375 592 411 idem
627 383 776 424 tempus
813 376 930 424 legati
968 376 1016 411 ab
1054 387 1144 422 rege
1175 376 1318 412 Perseo
1349 380 1544 411 venerunt.
1609 373 1691 410 Eos

276 446 313 481 in
345 444 526 493 oppidum
559 445 758 481 intromitti
788 457 865 481 non
898 444 1053 492 placuit,
1084 455 1168 480 cum
1186 445 1261 480 iam
1289 442 1428 479 bellum
1446 443 1527 490 regi
1557 454 1689 479 eorum

277 520 313 550 et
344 514 621 551 Macedonibus
652 521 688 550 ct
718 521 873 550 senatus
903 514 1094 550 decresset
1137 519 1173 550 et
1203 512 1368 560 populus
1398 511 1579 548 iussisset.
1644 512 1690 548 In

276 583 394 619 aedem
428 583 596 619 Bellonae
626 583 662 619 in
693 589 866 619 senatum
911 582 1116 618 introducti
1155 581 1208 617 ita
1237 582 1357 617 verba
1386 581 1571 618 fecerunt:
1617 580 1690 616 Mi-

276 652 353 688 rari
382 653 525 688 Persea
555 663 698 700 regem,
731 651 821 698 quid
851 651 889 686 in
920 650 1190 687 Macedoniam
1224 651 1412 686 exercitus
1441 649 1692 697 transportati

279 728 416 758 essent.
483 721 523 758 Si
554 720 749 768 impetrari
781 732 804 756 a
834 725 969 756 senatu
999 726 1149 768 posset,
1180 726 1221 755 ut.
1250 719 1275 755 ii
1293 724 1532 761 revocentur,
1562 730 1691 766 regem

276 791 324 827 de
353 791 512 834 iniuriis,
543 790 573 825 si
605 802 701 837 quas
731 789 845 825 sociis
875 790 999 824 factas
1030 796 1290 835 quererentur,
1321 787 1506 824 arbitratu
1537 793 1693 823 senatus

278 860 564 896 satisfacturum
596 871 690 895 esse.
781 859 849 906 Sp.
876 857 1087 901 Carvilius,
1133 858 1182 893 ad
1227 870 1311 893 eam
1355 858 1478 904 ipsam
1522 869 1601 892 rem
1645 868 1693 892 ex

278 929 428 966 Graecia
468 928 649 964 remissus
680 928 728 963 ab
760 926 829 963 Cn.
861 927 1017 970 Sicinio,
1064 927 1102 962 in
1133 934 1267 962 senatu
1297 933 1392 963 erat.
1451 927 1490 962 Is
1520 926 1694 962 Perrhae-

278 999 380 1035 biam
413 1003 673 1046 expugnatam
707 997 847 1041 armis,
872 997 1085 1033 Thessaliae
1115 995 1262 1042 aliquot
1290 995 1404 1031 urbes
1435 1001 1590 1042 captas,
1633 1005 1694 1030 ce·

279 1074 373 1113 tera,
404 1080 488 1115 quae
519 1075 585 1103 aut
615 1072 746 1114 ageret
767 1073 832 1102 aut
850 1072 1005 1114 pararet
1024 1078 1106 1109 rex,
1137 1077 1221 1101 curn
1240 1070 1430 1112 argueret,
1461 1062 1695 1111 respondere

279 1137 328 1173 ad
359 1149 406 1173 ea
434 1136 552 1183 legati
581 1136 685 1172 iussi.
754 1136 967 1183 Postquam
998 1135 1248 1177 haesitabant,
1279 1140 1462 1181 negantes
1492 1133 1564 1169 sibi
1593 1133 1696 1169 ultra

281 1206 489 1254 quidquam
523 1205 743 1241 mandatum
778 1216 879 1248 esse,
914 1205 1005 1240 iussi
1035 1204 1253 1240 renuntiare
1282 1203 1375 1250 regi,
1423 1202 1615 1239 consulem
1647 1202 1695 1240 P.

283 1275 471 1312 Licinium
504 1274 728 1310 brevi'cum
761 1273 928 1310 exercitu
960 1272 1128 1308 futurum
1164 1273 1200 1308 in
1232 1273 1465 1309 Macedonia
1495 1283 1598 1314 esse3
1645 1270 1695 1306 ad

281 1357 392 1388 eum,
423 1345 453 1380 si
488 1343 711 1380 satisfacere
741 1343 779 1378 in
810 1343 938 1378 animo
970 1348 1090 1386 esset,
1121 1342 1285 1378 mitteret
1316 1342 1486 1390 legatos;
1530 1342 1695 1378 Romam

283 1414 386 1462 quod
415 1419 602 1462 praeterea
632 1413 809 1457 mitteret,
839 1424 914 1447 non
947 1423 1051 1455 esse3
1082 1411 1268 1448 neminem
1302 1423 1431 1448 eorum
1458 1423 1527 1459 per
1542 1409 1696 1446 Italiam

282 1484 338 1519 ire
374 1483 576 1520 liciturum.
657 1482 719 1518 Ita
762 1481 949 1526 dimissis,
995 1483 1039 1518 P.
1080 1481 1226 1518 Licinio
1273 1481 1418 1518 consuli
1462 1478 1699 1524 mandatum,

283 1552 383 1588 intra
414 1552 477 1588 XI
508 1552 606 1588 diem
638 1551 785 1587 iuberet
816 1563 881 1586 eos
924 1551 1038 1586 Italia
1066 1552 1272 1597 excedere,
1317 1558 1353 1588 et
1387 1550 1453 1597 Sp.
1487 1547 1697 1584 Carvilium

284 1622 471 1665 mitteret,
516 1621 592 1668 qui,
636 1620 757 1655 donec
786 1631 923 1656 navem
955 1621 1276 1665 conscendissent,
1321 1618 1539 1657 custodiret.
1604 1617 1699 1653 H'aec

284 1690 417 1726 Romae
448 1696 546 1732 acta,
573 1690 740 1725 nondum
772 1688 952 1737 profectis
982 1689 1019 1724 in
1050 1689 1286 1737 provinciam
1317 1687 1547 1726 consulibus.
1613 1686 1697 1722 Iam

285 1757 354 1796 Cn.
387 1758 564 1803 Sicinius,
596 1760 673 1806 qui,
704 1759 927 1806 priusquam
948 1759 1173 1806 magistratu
1206 1759 1340 1803 abiret,
1371 1756 1617 1794 Brundisium
1649 1755 1700 1791 ad

283 1827 444 1863 classem
476 1834 513 1863 et
542 1828 591 1864 ad
623 1828 830 1864 exercituin
861 1827 1079 1875 praemissus
1117 1835 1222 1872 erat,
1272 1827 1439 1864 traiectis
1469 1826 1506 1862 in
1537 1825 1698 1873 Epirum

285 1896 321 1932 V
353 1896 503 1932 milibus
535 1898 717 1945 peditum,
749 1896 926 1933 trecentis
957 1896 1160 1943 equitibus,
1192 1897 1240 1932 ad
1267 1897 1521 1945 Nymphaeum
1554 1897 1588 1931 in
1609 1905 1700 1941 ayro

284 1966 527 2014 Apolloniati
569 1973 696 2003 castra
740 1966 920 2002 habebat.
998 1966 1094 2001 Inde
1133 1966 1305 2002 tribunos
1347 1978 1431 2003 cum
1467 1965 1506 2001 11
1548 1964 1699 2000 milibus

284 2035 444 2071 militum
491 2036 540 2072 ad
585 2036 810 2084 occupanda
842 2035 1153 2072 Dassaretiorum
1200 2042 1238 2071 et
1277 2035 1494 2083 Illyriorum
1527 2033 1700 2079 castella,

285 2197 303 2224 3
331 2203 357 2223 c.
386 2195 517 2224 decium
539 2194 606 2235 siq.
658 2192 826 2230 XXXVI,
846 2194 877 2231 1,
909 2183 1064 2233 llegatoi
1115 2192 1177 2230 3‚l
1209 2181 1378 2233 impetrari
1415 2202 1435 2222 a
1464 2197 1584 2223 senatu
1612 2196 1701 2223 esset
1737 2191 1742 2219 ι’

286 2254 303 2280 2
331 2251 510 2281 arbitratur
566 2251 598 2287 4,
631 2255 642 2281 l
674 2250 857 2281 cnluirilius
881 2252 885 2290 Ι
908 2261 950 2282 ex
976 2251 1135 2291 graeciam
1201 2253 1219 2279 2
1253 2249 1286 2279 in
1313 2255 1432 2280 senatu
1458 2254 1531 2280 erat.
1556 2253 1651 2279 uerat
1671 2248 1700 2279 is
1740 2251 1742 2254 '

285 2308 470 2347 pei-rebiam
514 2312 532 2339 3
553 2308 696 2340 tessnliae
723 2307 861 2348 aliquod
911 2313 930 2339 4
950 2314 1103 2348 part-aret
1130 2306 1133 2346 ξ
1162 2307 1357 2347 responderi
1405 2306 1437 2344 ἵ),
1468 2310 1480 2337 1
1508 2305 1701 2337 hesitabant
1738 2307 1742 2336 i

285 2375 317 2416 6,
345 2380 363 2406 2
391 2376 524 2406 licinius
588 2380 607 2406 3
639 2365 793 2407 mitteroe
853 2380 871 2406 4
914 2385 980 2415 quo
1004 2381 1155 2416 preterea
1176 2375 1182 2413 Ι
1205 2380 1293 2406 esset
1330 2372 1434 2414 (Illud
1464 2375 1628 2405 neminem
1657 2389 1697 2396 —-
1739 2388 1742 2395 ·

285 2432 452 2463 liciturum
479 2433 584 2463 merito
609 2439 793 2474 suspectum.
864 2432 1076 2463 Probabililer
1100 2431 1251 2462 Didi-erus
1285 2433 1411 2462 nemini
1452 2432 1540 2462 enim
1567 2429 1699 2470 eorum)
1721 2438 1742 2476 ,θ

287 2489 318 2528 7,
353 2494 371 2521 2
411 2496 496 2520 ettra
520 2500 554 2520 xi
582 2491 669 2521 diem
733 2495 751 2521 3
784 2491 907 2521 nabem
938 2491 944 2530 Ι
974 2490 1181 2520 custodirent
1239 2489 1271 2527 8,
1307 2493 1323 2519 5
1360 2499 1381 2519 u
1405 2489 1554 2530 peditum
1577 2488 1583 2529 Ι
1605 2497 1699 2528 nym-
1720 2478 1742 2563 ξ

285 2547 586 2588 faeumapolloniati
635 2548 669 2584 9,
698 2552 710 2578 l
743 2557 816 2578 cum
843 2558 864 2578 11
891 2547 984 2578 milia
1034 2551 1052 2578 2
1079 2546 1494 2587 occupandassaratiorum
1720 2565 1726 2654 ι

1718 2764 1724 2811 ἓ

1718 2820 1723 2847 ,,

1718 2851 1723 2874 r

1718 2883 1722 2902 Ι
