1753 2934
636 139 708 169 Lib.
744 138 901 169 v--V11.
1366 142 1409 176 19

69 270 191 302 samem
206 270 362 302 Romanis
387 281 422 300 ιό
447 270 658 307 descendere,
685 275 720 300 ut
746 269 834 299 mille
859 269 970 310 pondo
996 269 1065 300 auri
1089 269 1206 299 darent
1224 275 1256 299 et
1273 269 1336 300 hoc
1362 271 1467 311 pretio

69 332 168 362 finem
191 331 376 362 obsidionis
395 336 551 367 emerent,
578 330 697 362 Furius
715 329 887 367 Camillus,
914 331 1057 361 dictator
1075 331 1196 361 absens
1215 337 1357 367 creatus,
1383 333 1467 364 inter

67 392 175 433 ipsum
204 392 424 432 colloquium,
452 401 518 431 quo
545 392 584 421 de
610 392 702 432 pacis
729 392 980 423 condicionibus
1006 392 1185 431 agebatur.
1219 402 1291 423 curn
1318 394 1465 425 exercitu

66 454 156 486 venit
191 459 222 485 et
248 453 365 485 Gallos
391 459 466 495 post
491 458 620 484 sextum
649 463 795 484 mensem
822 453 902 484 urbe
931 453 1057 493 expulit
1082 453 1278 494 ceciditque.
1330 453 1464 485 Dictum

68 519 118 546 est
143 514 185 545 ad
199 514 302 545 Veios
330 514 538 553 migrandum
567 523 637 545 esse
658 520 793 555 propter
818 515 988 545 incensam
1009 521 1041 545 et
1061 515 1203 545 dirutam
1224 515 1349 548 urbem.
1377 517 1464 557 quod

67 575 245 607 consilium
264 574 406 606 Camillo
433 581 567 606 auctore
593 575 782 606 discussum
809 582 867 607 est.
919 574 1023 606 Movit
1041 575 1200 616 populum
1222 577 1311 607 vocis
1333 586 1465 617 quoque

67 646 164 668 omen
192 646 234 666 cx
261 637 455 667 centurione
475 637 607 675 auditae,
635 638 688 677 qui
714 646 814 677 quum
833 637 866 667 in
888 636 995 667 forum
1021 637 1174 672 venisset,
1202 638 1465 678 manipularibus

67 698 135 729 suis
157 698 301 728 dixerat:
325 697 404 738 „Sta
421 699 528 735 miles,
548 698 602 729 hic
623 698 747 739 optime
766 697 1004 728 manebimus.”
1032 697 1137 728 AEdes
1152 697 1220 728 Iovi
1237 698 1426 739 Capitolino
1437 697 1464 740 ¹)

66 759 156 791 sacta
181 765 242 798 est,
273 761 360 800 quod
387 766 464 791 ante
489 760 604 791 urbem
632 765 763 800 captam
792 769 853 790 vox
879 759 993 790 audita
1018 765 1100 797 erat,
1126 760 1306 791 adventare
1335 760 1463 792 Gallos.

632 866 696 898 EX
723 866 806 898 LIB.
835 867 894 897 VI.

156 944 222 975 Res
254 945 410 975 adversus
443 943 586 975 Volscos
621 949 652 974 ct
686 943 817 983 AEquos
849 949 880 973 et
905 943 1130 974 Praenestinos
1160 954 1316 985 prospere
1352 950 1462 984 gestas

66 1005 224 1037 eontinet.
278 1004 444 1043 Quattuor
479 1005 583 1036 tribus
616 1005 770 1042 adiectae,
808 1004 1002 1041 Stellatina,
1032 1005 1264 1043 Tromentina,
1292 1006 1463 1045 Sabatina,

65 1066 254 1100 Arniensis.
304 1067 350 1098 M.
383 1067 548 1099 Manlius.
587 1067 643 1107 qui
680 1065 882 1107 Capitolium
916 1077 935 1097 a
970 1066 1076 1098 Gallis
1111 1066 1322 1105 defenderat,
1362 1077 1463 1108 quum

64 1127 243 1159 obstrictos
283 1138 346 1160 sere
383 1129 491 1160 alieno
528 1128 701 1167 liberaret,
743 1138 847 1159 nexos
888 1128 1094 1166 exsolveret,
1139 1129 1277 1160 crimine
1317 1128 1463 1161 affectati

64 1190 158 1231 regni
184 1190 360 1222 damnatus
385 1191 425 1221 de
451 1200 532 1222 saxo
558 1191 708 1221 deiectus
733 1195 794 1221 est.
844 1190 882 1220 In
905 1190 998 1221 cuius
1020 1196 1133 1220 notam
1155 1189 1219 1221 SC.
1247 1190 1375 1223 sactum
1401 1198 1462 1230 est,

64 1261 104 1283 ne
130 1253 183 1283 cui
210 1252 250 1283 de
265 1252 394 1283 Manlia
420 1258 519 1292 gente
535 1251 649 1282 Marco
675 1261 795 1282 nomen
821 1257 917 1283 esset.
975 1249 1012 1282 C.
1028 1250 1179 1283 Licinius
1208 1259 1240 1283 et
1264 1254 1302 1285 L.
1329 1253 1463 1286 Sextius

64 1313 187 1344 tribuni
213 1314 319 1355 plebis
344 1314 454 1353 legem
480 1313 794 1354 promulgaverunt,
820 1319 857 1344 ut
882 1313 1034 1344 eonsules
1060 1322 1101 1343 ex
1125 1312 1223 1354 plebe
1248 1314 1381 1352 fierent,
1407 1314 1463 1354 qui

65 1383 106 1404 ex
127 1375 276 1416 patribus
305 1375 513 1412 creabantur,
544 1384 684 1415 eamque
715 1384 788 1405 cum
808 1384 932 1415 magna
951 1376 1172 1412 contentione,
1200 1376 1463 1416 repugnantibus

61 1437 222 1476 patribus,
256 1447 355 1477 quum
382 1437 480 1467 iidem
506 1436 630 1467 tribuni
656 1437 762 1477 plebis
787 1446 846 1477 per
872 1437 1132 1477 quinquennium
1161 1436 1222 1467 soli
1249 1426 1463 1477 magistratus

61 1496 214 1534 fuissent,
238 1499 462 1539 pertulerunt3
488 1504 519 1529 et
544 1498 670 1539 primus
697 1508 738 1528 ex
761 1498 857 1538 plebe
884 1499 1001 1530 consul
1027 1499 1064 1531 L.
1088 1498 1221 1530 Sextius
1248 1504 1377 1530 creatus
1405 1505 1463 1530 est.

62 1560 146 1591 Lata
172 1565 222 1591 est
247 1566 278 1591 et
303 1560 409 1590 altera
434 1560 505 1595 lex,
542 1569 582 1590 ne
621 1560 672 1590 cui
710 1559 784 1600 plus
816 1560 1008 1600 quingentis
1042 1560 1212 1601 iugeribus
1246 1560 1317 1599 agri
1348 1560 1465 1591 liceret

60 1622 240 1662 possidere.

618 1704 680 1736 EX
705 1705 793 1736 LIB.
820 1705 901 1736 VII.

153 1781 230 1812 Duo
272 1782 350 1813 novi
384 1782 599 1822 magistratus
634 1782 752 1812 adiecti
793 1788 886 1819 sunt,
927 1787 1070 1823 praetura
1100 1787 1131 1813 et
1163 1783 1287 1814 eurulis
1312 1783 1461 1814 aedilitas.

60 1842 257 1874 Pestilentia
285 1843 400 1874 civitas
422 1843 599 1880 laboravit,
626 1852 766 1883 eamque
791 1843 955 1883 insignem
983 1843 1062 1874 fecit
1088 1853 1178 1874 mors
1204 1843 1296 1874 Furii
1316 1842 1460 1875 Camilli.

61 1902 166 1934 Cuius
193 1904 373 1934 remedium
401 1909 433 1935 et
456 1904 531 1935 finis
562 1914 664 1944 quum
696 1914 754 1945 per
786 1915 889 1937 novas
923 1905 1103 1945 religiones
1137 1912 1358 1944 quaereretur,
1392 1906 1461 1938 ludi

61 1965 184 1996 scenici
211 1970 288 1996 tunc
315 1965 457 2006 primum
484 1964 563 1996 facti
591 1972 678 1997 sunt.
740 1965 850 2004 Quum
885 1966 955 1996 dies
982 1967 1019 1997 L.
1046 1966 1176 1996 Manlio
1208 1967 1298 1998 dicta
1331 1973 1418 2000 esset
1442 1979 1462 2000 a

60 2025 108 2058 M.
125 2026 314 2067 Pomponio
334 2027 467 2057 tribuno
485 2027 590 2067 plebis
606 2032 743 2068 propter
760 2027 918 2058 dilectum
938 2028 1056 2058 acerbe
1070 2034 1180 2058 actum
1197 2033 1228 2058 et
1243 2029 1283 2060 T.
1296 2029 1461 2061 Manlium

60 2087 165 2119 filium
191 2098 246 2119 rus
270 2088 454 2128 relegatum
480 2088 552 2119 sine
578 2089 647 2119 ullo
674 2088 821 2125 crimine,
847 2089 1042 2120 adolescens
1068 2089 1149 2130 ipse,
1177 2091 1271 2121 cuius
1298 2091 1460 2131 relegatio

59 2149 146 2191 patri
171 2149 410 2184 obiiciebatur,
445 2150 535 2180 venit
566 2150 600 2180 in
634 2150 823 2180 cubiculum
851 2150 975 2181 tribuni
1003 2151 1184 2191 strictoque
1211 2151 1324 2191 gladio
1351 2153 1461 2193 coegit

60 2220 134 2241 eum
159 2210 194 2241 in
218 2210 319 2241 verba
346 2221 406 2241 sua
432 2212 552 2251 iurare,
579 2220 612 2242 se
639 2221 705 2242 non
730 2216 1014 2251 perseveraturum
1037 2213 1068 2242 in
1088 2213 1315 2244 accusatione.
1365 2214 1460 2245 Tunc

61 2273 172 2303 omnia
197 2273 345 2314 pretiosa
369 2272 469 2303 missa
497 2278 574 2303 sunt
599 2272 631 2302 in
665 2272 835 2313 praealtam
868 2273 1062 2313 voraginem
1094 2273 1185 2305 urbis
1210 2275 1386 2314 Romanae;
1426 2276 1459 2306 in

61 2343 133 2365 eam
149 2332 284 2365 Curtius
302 2339 450 2365 armatus
469 2334 588 2366 sedens
602 2344 688 2375 equo
703 2334 922 2375 praecipitavit
940 2339 972 2365 et
989 2334 1123 2374 expleta
1145 2341 1205 2367 est.
1253 2336 1294 2367 T.
1312 2337 1459 2368 Manlius

61 2395 266 2433 adolescens,
281 2395 336 2435 qui
357 2400 485 2436 patrem
505 2406 522 2426 a
544 2396 723 2427 tribunicia
742 2395 917 2426 vexatione
931 2395 1165 2432 vindicaverat,
1191 2402 1309 2428 contra
1323 2396 1458 2428 Gallum

59 2463 299 2498 provocantem
339 2456 485 2498 aliquem
527 2468 568 2488 ex
605 2457 766 2488 militibus
802 2457 963 2488 Romanis
1007 2457 1041 2488 in
1081 2457 1250 2498 singulare
1291 2464 1459 2489 certamen

61 2516 219 2549 descendit
242 2518 338 2558 eique
363 2519 474 2550 occiso
500 2524 649 2560 torquem
676 2529 812 2550 aureum
840 2519 995 2558 detraxit,
1022 2528 1119 2559 quem
1137 2520 1207 2561 ipse
1230 2525 1346 2560 postea
1373 2519 1457 2550 tulit.

135 2667 164 2701 ¹)
185 2666 239 2692 Aio
259 2666 375 2691 Locutio
397 2668 449 2692 Lm.
470 2675 492 2692 c.
514 2668 554 2691 52.
