1742 2902
154 1090 167 1123 l

152 1229 165 1262 1

119 1569 173 1614 20

178 253 196 285 7

178 1088 198 1122 Ο

181 1228 192 1261 1

178 1643 198 1677 w

286 131 336 165 22
651 127 754 158 Liber
779 125 871 156 XLI.
923 125 980 166 (A.
1010 136 1041 157 u.
1071 137 1099 158 c.
1129 126 1224 164 579.)

229 250 414 287 Romanis
444 255 568 291 esset,
610 249 731 284 videri
761 257 901 297 posset.
980 250 1168 294 Dardani,
1205 260 1289 284 eum
1321 247 1534 283 Bastarnas
1563 258 1640 282 non

232 319 346 355 modo
378 330 453 353 non
485 317 670 352 excedere
702 318 840 354 finibus
870 319 969 362 suis,
1015 319 1115 367 quod
1143 324 1414 366 speraverant,
1456 316 1523 352 sed
1551 327 1640 364 gra·

229 388 355 423 viores
386 386 465 421 fieri
495 386 533 421 in
564 387 644 423 dies
675 395 883 429 cernerent,
914 390 1098 425 subnixos
1129 388 1324 424 Thracum
1357 386 1572 421 accolarum
1605 392 1641 421 et

231 456 519 493 Scordiscorum
553 457 717 500 auxiliis,
747 459 963 494 audendum
997 458 1139 506 aliquid
1171 457 1231 492 vel
1263 465 1405 492 temere
1434 454 1530 498 rati,
1561 466 1640 490 om-

230 538 295 561 nes
327 525 494 572 undique
528 527 666 562 armati
697 527 744 562 ad
777 528 973 575 oppidum,
1006 529 1108 576 quod
1141 527 1359 575 proximum
1393 525 1528 560 castris
1563 524 1641 560 Ba-

229 602 445 631 starnarum
477 603 578 638 erat,
622 597 864 634 conveniunt.
930 598 1064 633 Hiems
1095 603 1198 639 erat,
1239 603 1275 632 et
1303 596 1341 631 id
1373 594 1460 630 anni
1492 601 1641 641 tempus

230 664 446 712 elegerant,
492 672 532 700 ut
575 666 748 701 Thraces
793 667 1061 713 Scordiscique
1113 666 1150 701 in
1202 667 1295 701 fines
1343 675 1433 699 suos
1479 662 1641 698 abirent.

229 733 343 780 Quod
386 735 450 770 ubi
487 735 541 770 ita
578 734 720 770 factum
763 742 799 770 et
829 736 932 771 solos
966 736 1040 771 iam
1075 748 1157 771 esse
1189 735 1400 771 Bastarnas
1430 732 1642 776 audierunt,

230 803 406 840 bifariam
427 804 601 840 dividunt
633 805 776 852 copias,
807 818 896 853 pars
929 813 969 840 ut.
998 813 1100 841 recto
1135 805 1268 840 itinere
1299 805 1345 840 ad
1379 801 1641 838 lacessendum

230 886 277 909 ex
308 881 442 921 aperto
474 874 565 917 iret,
607 885 716 921 parS..
762 874 873 910 devio
905 876 1003 910 saltu
1035 875 1308 917 circumducta,
1357 873 1405 909 ab
1437 880 1544 919 tergo
1576 871 1641 906 ad-

229 944 464 991 grederetur.
542 942 743 987 Ceterum,
788 945 1009 992 priusquam
1057 945 1255 980 circumire
1305 950 1431 977 castra
1476 941 1641 976 hostium

229 1022 399 1062 possent,
430 1020 640 1061 pugnatum
678 1020 752 1057 θείς
801 1014 967 1060 victique
998 1014 1174 1049 Dardani
1205 1012 1483 1060 compelluntur
1512 1010 1549 1046 in
1582 1023 1643 1046 ur-

231 1084 330 1124 bem,
362 1096 445 1130 quae
476 1083 554 1119 fere
578 1084 660 1119 XII
694 1084 796 1119 milia
829 1084 877 1118 ab
908 1082 1043 1118 castris
1066 1083 1341 1119 Bastarnarum
1375 1082 1519 1117 aberat.
1551 1081 1642 1116 Vie-

229 1161 331 1188 tores
358 1153 555 1188 confestim
585 1154 701 1188 secuti
731 1153 1001 1189 circumsidunt
1031 1154 1174 1196 urbem,
1218 1152 1319 1187 haud
1349 1151 1461 1186 dubie
1488 1157 1643 1198 postero

230 1223 290 1258 die
323 1230 387 1258 aut
418 1229 518 1258 metu
552 1222 734 1258 dedituris
765 1235 805 1258 se
835 1222 1008 1258 hostibus
1057 1229 1121 1257 aut
1162 1222 1198 1257 vi
1230 1221 1498 1269 expugnaturi.
1580 1221 1644 1256 In-

232 1292 341 1328 terim
363 1292 635 1328 Dardanorum
669 1293 789 1328 altera
819 1303 967 1334 manus7
997 1304 1080 1338 quae
1103 1291 1362 1327 circumducta
1388 1298 1480 1331 erat,
1511 1291 1646 1338 ignara

231 1361 351 1398 cladis
382 1374 551 1405 suorum„
583 1370 710 1398 castra
741 1362 1019 1398 Bastarnarum
1052 1361 1134 1396 sine
1163 1361 1340 1408 praesidio
1371 1360 1502 1396 relicta
1532 1361 1554 1381 ὕ
1576 1360 1596 1381 ’“

343 1583 460 1615 more,
491 1570 586 1606 sella
602 1571 770 1606 eburnea
799 1571 937 1618 posita,
963 1570 1021 1605 ius
1042 1570 1192 1605 dicebat
1222 1569 1538 1616 disceptabatque
1556 1581 1646 1604 con-

232 1640 442 1677 troversias
475 1640 715 1675 minimarum
748 1652 892 1683 rerum;
937 1639 1129 1689 adeoque
1151 1639 1242 1674 nulli
1280 1639 1443 1674 fortunae
1474 1638 1646 1673 adhaere-

231 1710 297 1744 bat
327 1709 495 1751 animus„
535 1722 602 1756 per
632 1710 762 1745 onmia
791 1721 932 1756 genera
965 1708 1052 1743 vitae
1085 1720 1235 1751 errans,
1277 1708 1328 1743 uti
1363 1719 1431 1743 nec
1469 1707 1540 1743 sibi
1579 1719 1647 1742 nee

231 1778 336 1822 aliis,
376 1779 531 1826 quinam
563 1780 679 1815 homo
709 1786 819 1823 esset,
851 1779 944 1814 satis
975 1785 1178 1814 constaret.
1244 1778 1333 1813 Non
1365 1777 1521 1824 adloqui
1553 1777 1647 1812 anii-

231 1859 308 1891 008,
339 1849 404 1884 vix
435 1849 535 1883 notis
566 1848 808 1884 familiariter
838 1848 1024 1890 arridere3
1067 1848 1323 1883 munificentia
1353 1846 1530 1893 inaeqnali
1563 1857 1647 1881 sese

232 1916 406 1963 aliosque
436 1916 644 1961 ludificari3
685 1918 912 1965 quibusdam
946 1917 1145 1953 honoratis
1177 1928 1396 1964 magnoque
1426 1915 1647 1951 aestimanti-

232 1986 302 2021 bus
332 1998 373 2022 se
403 1988 577 2034 puerilia,
623 1995 663 2023 ut
693 1999 788 2023 escae
819 1994 886 2022 aut
914 1986 1037 2030 lusu-⁴³,
1083 1999 1241 2022 munera
1271 1986 1383 2031 dare,
1428 1985 1524 2021 alios
1555 1984 1648 2021 nibil

233 2180 252 2206 8
279 2186 351 2207 esse
377 2177 446 2208 Iac.
478 2178 576 2210 Gron.
627 2177 658 2211 7,
687 2182 705 2208 2
733 2164 910 2218 ειιίεέᾳυοιὶ
969 2179 988 2206 3
1016 2181 1143 2205 trucum
1191 2179 1209 2204 4
1229 2174 1366 2214 aliquod
1389 2175 1393 2211 Ι
1417 2174 1645 2204 temerat-erati

235 2236 252 2262 6
287 2241 382 2264 eraut
407 2224 626 2267 contienienst
673 2236 705 2272 8,
738 2239 748 2266 l
780 2236 908 2274 hiemps
930 2233 936 2274 Ι
958 2232 1046 2263 amni
1091 2236 1108 2262 2
1136 2231 1263 2261 elei-aut
1288 2230 1344 2262 litt.
1372 2240 1413 2270 ge
1430 2241 1529 2271 supra
1545 2230 1647 2271 scrip-

232 2291 270 2321 tis
292 2292 297 2329 1
320 2297 426 2322 traces
449 2295 453 2331 Ι
477 2295 652 2324 adibercnt
700 2298 718 2323 3
747 2293 840 2323 colos
897 2296 917 2321 4
945 2289 1085 2321 bifarias
1108 2291 1112 2326 ί
1135 2289 1252 2319 itincre
1279 2296 1311 2319 et
1338 2289 1570 2319 lacessendum
1612 2287 1645 2325 9,

233 2351 252 2378 2
279 2349 361 2378 urbe
387 2359 450 2389 que
476 2349 539 2380 sert
600 2355 618 2381 3
647 2351 787 2381 aberant
844 2348 897 2386 10,
925 2352 942 2378 2
980 2347 1154 2377 confestim
1191 2346 1236 2376 uti
1277 2345 1394 2376 Vahlen
1420 2345 1537 2386 (ζὴ-μη.
1566 2354 1646 2375 con-

232 2404 356 2440 festim)
377 2426 379 2434 .
398 2407 662 2437 cuii-cumsiduut
710 2411 728 2437 3
756 2405 941 2446 expugnari
986 2404 1039 2438 11,
1058 2407 1077 2433 3
1107 2391 1337 2434 barim-uarum
1368 2413 1467 2443 supra
1498 2402 1646 2442 scriptos

236 2463 240 2503 l
266 2463 394 2503 praedio
422 2464 501 2493 relic
549 2465 694 2504 Αρρσνεί
717 2469 897 2494 sententiam
925 2462 1014 2492 verbo
1033 2460 1122 2501 cepit
1145 2459 1323 2491 sineilt'tcrve
1348 2460 1542 2490 terminatam
1569 2469 1643 2490 esse.

326 2520 381 2552 Ex
403 2521 604 2561 quaternione
629 2522 734 2561 quinto
760 2519 878 2551 codicis
903 2530 994 2550 unum
1010 2523 1150 2558 superest
1163 2517 1281 2558 solium
1298 2521 1395 2556 (nunc
1413 2516 1588 2553 decimum),
1615 2516 1647 2546 in

234 2589 295 2619 quo
321 2584 366 2608 est
389 2589 460 2618 cop.
489 2577 548 2609 20.
599 2579 714 2619 Affl'tur
740 2577 777 2607 de
802 2576 957 2608 Antiocho
981 2575 1152 2616 Epiphane
1181 2575 1285 2616 Syriae
1309 2585 1389 2614 reye.
1459 2573 1539 2611 XX,
1565 2572 1598 2609 2.
1629 2576 1642 2604 l

234 2635 417 2667 adherebat
485 2635 517 2673 3,
550 2639 569 2665 2
603 2636 683 2666 sede
716 2624 913 2675 aliosqueii'c
938 2632 1103 2665 ludificari
1139 2632 1260 2672 quibus
1293 2631 1466 2662 honoratis
1514 2635 1534 2661 4
1560 2638 1647 2661 aesce
