1753 2934
469 124 568 155 Liber
593 124 703 155 XLV.
771 125 830 164 (Α.
860 124 940 155 Chr.
975 125 1065 163 167.)
1372 126 1450 161 259

95 246 159 282 sed
190 252 344 294 postero
380 246 452 290 die,
483 260 596 295 quam
630 247 902 295 triumphatum
939 253 1059 290 esset,
1089 258 1167 282 cum
1197 245 1387 293 privatum
1419 257 1505 281 eum

94 316 251 352 laesurus
283 324 393 360 esset,
423 329 561 352 nomen
584 316 746 353 deferret
771 323 808 351 et
829 315 976 363 legibus
1000 315 1273 362 inter1·c›gat·et;
1304 322 1369 350 aut
1385 315 1506 350 serius

95 385 234 433 paulo,
277 398 361 420 cum
402 385 564 433 primum
604 385 849 432 magistratus
890 385 970 432 ipse
1010 384 1190 432 cepisset,
1229 384 1327 420 diem
1366 385 1505 420 diceret

95 453 246 490 inimico
278 460 311 490 et
343 467 426 490 eum
459 454 507 490 ad
539 455 722 502 populum
763 460 971 490 accusaret.
1044 453 1108 488 Ita
1145 459 1178 488 et
1212 453 1372 500 pretium
1405 460 1506 489 recte
1539 477 1545 485 -

94 522 185 559 facti
217 524 446 571 triumphum
480 524 639 559 haberet
670 523 712 558 L.
746 522 891 559 Paulus
920 535 989 570 pro
1021 522 1172 570 egregie
1202 522 1301 557 bello
1331 530 1439 570 gesto
1470 529 1506 558 et

93 605 259 641 poenam,
289 593 319 629 si
350 593 439 641 quid
471 600 506 629 et
536 602 664 629 vetere
695 592 821 641 gloria
843 605 912 628 sua
937 599 974 627 et
999 604 1100 627 nova
1122 591 1314 638 indignum
1344 591 1505 627 fecisset.

96 662 172 699 Sed
202 662 398 708 videlieet,
430 664 488 699 cui
527 664 667 699 crimen
700 662 865 705 nullum,
896 662 1034 697 necllum
1064 661 1246 709 probrum
1279 661 1404 697 dicere
1435 673 1502 709 po-

94 738 204 775 terat,
235 733 314 768 eius
345 734 560 769 obtrectare
593 732 725 768 laudes
755 731 890 769 voluit.
957 732 1070 768 Diem
1111 731 1296 779 integrum
1328 731 1505 767 hesterno

94 801 153 837 die
183 802 235 837 acl
263 802 520 838 accusandum
554 802 596 838 L.
615 801 778 838 Paulum
806 800 930 849 petiit;
962 809 1143 849 quattuor
1167 802 1295 844 horas,
1322 810 1505 848 quantum

93 879 292 918 supererat
321 872 407 915 diei.
437 871 597 907 dicendo
629 871 852 919 absumpsit.
920 871 1015 918 Quis
1046 883 1225 919 umquam
1258 877 1334 906 tam
1366 882 1506 906 nocens

94 952 180 976 reus
220 940 312 985 fuit,
351 941 455 977 cuius
493 941 586 977 vitia
625 942 713 977 vitae
749 948 806 977 tot
843 941 946 977 horis
991 942 1165 989 expromi
1211 953 1285 976 non
1325 940 1506 988 possent?

95 1010 195 1057 Quid
225 1011 374 1047 interim
406 1011 556 1055 obiecit,
587 1011 689 1059 quod
722 1011 764 1046 L.
798 1011 965 1054 Paulus,
994 1011 1024 1047 si
1057 1023 1211 1046 causam
1245 1010 1359 1055 dicat,
1389 1023 1506 1059 nega-

95 1086 174 1116 tum
205 1081 321 1116 velit?
356 1082 462 1116 Duas
494 1081 585 1117 mihi
617 1081 754 1129 aliquis
785 1081 982 1117 contiones
1002 1093 1210 1129 parumper
1230 1080 1360 1121 faciat,
1391 1093 1505 1117 unam

96 1150 254 1186 militum
286 1151 646 1195 Macedonicorum,
681 1164 815 1199 puram
848 1151 1028 1195 alteram7
1067 1150 1284 1197 integrioris
1315 1151 1442 1187 iudicii
1470 1157 1506 1186 et

95 1233 116 1256 a
161 1220 296 1256 favore
340 1227 375 1256 et
420 1221 530 1266 odio,
575 1221 742 1257 universi
772 1221 904 1269 populi
949 1219 1111 1256 {ornant
1153 1223 1259 1268 Aput
1291 1221 1505 1256 contionem

92 1297 263 1339 togatam
299 1297 336 1326 et
373 1291 559 1326 urbanam
597 1291 701 1338 prius
741 1303 827 1326 reus
869 1299 1018 1338 agatur.
1078 1288 1179 1336 Quid
1217 1296 1311 1337 aput
1339 1289 1506 1336 Quirites

92 1360 310 1405 Romanos,
348 1360 430 1397 Ser.
464 1360 614 1405 Galba„
659 1359 829 1396 diceres?
878 1360 951 1396 Illa
995 1359 1092 1395 enim
1133 1359 1199 1395 tibi
1238 1366 1319 1394 tota
1356 1360 1507 1395 abscisa

95 1430 218 1466 oratio
250 1437 369 1466 esset:
403 1430 473 1473 „In
501 1430 665 1465 statione
695 1430 865 1466 severius
896 1437 932 1467 et
953 1429 1132 1465 intentius
1153 1428 1337 1473 institisti3
1368 1430 1507 1477 vigitiae

95 1500 269 1536 acerbius
300 1507 336 1535 et
363 1499 579 1547 diligentius
610 1500 816 1536 circumitae
846 1506 951 1543 sunt;
983 1499 1108 1547 operis
1139 1499 1224 1547 plus
1251 1512 1365 1546 quam
1393 1508 1508 1536 antea

94 1568 228 1613 fecisti,
259 1582 343 1605 cum
381 1569 462 1617 ipse
499 1569 709 1617 imperator
740 1576 780 1604 ut
811 1576 970 1605 exactor
1007 1568 1238 1612 circumirem
1282 1569 1415 1604 eodem
1447 1568 1506 1605 die

96 1644 131 1674 et
162 1638 233 1674 iter
261 1638 384 1674 fecisti
421 1645 456 1674 et
496 1639 534 1674 in
563 1639 682 1675 aciem
715 1651 762 1674 ex
800 1639 933 1675 itinere
962 1639 1092 1675 (luctus
1122 1651 1168 1674 es.
1233 1637 1293 1674 Ne
1321 1639 1504 1675 victorem

97 1707 248 1755 quidem
280 1714 317 1744 te
341 1708 587 1756 adquiescere
608 1721 746 1757 passus
777 1717 852 1753 est;
884 1709 1013 1745 statim
1044 1708 1093 1744 ad
1124 1709 1408 1756 persequendos
1438 1709 1507 1745 ho-

95 1783 170 1813 stes
200 1777 319 1814 duxit.
378 1776 474 1814 Cum
506 1786 542 1814 te
573 1780 702 1827 praeda
732 1780 934 1828 partienda
954 1778 1182 1826 locupletem
1209 1778 1336 1815 facere
1366 1785 1507 1827 posset,

94 1847 294 1895 pecuniam
333 1848 477 1896 regiam
517 1849 769 1885 translaturus
806 1849 843 1885 in
882 1849 1075 1896 triumpho
1114 1855 1233 1884 estet
1263 1847 1300 1883 in
1330 1849 1507 1884 aerarium

95 1916 279 1954 latu1·us.“
339 1918 435 1954 Haee
473 1919 570 1955 sieut
604 1919 653 1955 ad
685 1919 844 1955 militum
878 1919 1027 1954 animos
1057 1917 1309 1954 stimulandos
1341 1918 1507 1966 aliquem

94 2041 127 2079 4,
158 2045 170 2073 1
200 2042 444 2082 triumphatum
479 2048 527 2073 cst
562 2043 731 2083 priuatum
763 2042 860 2073 Gron.
891 2042 968 2082 (etsi
996 2042 1022 2073 is
1055 2048 1088 2072 et
1122 2041 1339 2082 cum)1eum
1375 2042 1508 2073 uisurus

95 2097 168 2140 My.
197 2099 227 2133 l..
244 2111 270 2130 c.
330 2103 349 2130 3
376 2098 589 2130 Probabiliter
615 2099 746 2142 Kreyss.
775 2101 1011 2140 magistratum
1037 2101 1041 2138 Ι
1071 2099 1180 2129 dicere
1206 2100 1343 2130 inimico
1369 2108 1443 2130 cum
1466 2100 1508 2130 ad

97 2155 170 2198 My.
196 2156 313 2198 (Gryn.
341 2157 478 2193 diceret,
505 2158 678 2188 inimicum
704 2158 761 2198 ad)
811 2158 842 2195 6,
872 2161 883 2188 l
914 2158 1039 2187 crimen
1061 2157 1190 2187 nullum
1218 2158 1376 2196 probrum
1407 2156 1506 2188 Gron.

100 2213 266 2254 Tumfort.
283 2215 414 2245 obicere
429 2220 560 2255 poterat
574 2213 683 2254 (Creu.
701 2216 794 2246 euius
808 2215 997 2251 -dicere).
1026 2213 1107 2244 2De
1121 2213 1341 2254 h.l.(1audes)
1357 2216 1416 2256 cfr.
1432 2215 1506 2246 Em.

1544 1644 1586 1678 10

1543 1923 1584 1958 11

101 2270 168 2303 61&
192 2283 220 2302 n.
273 2275 292 2302 3
320 2272 373 2302 die
399 2273 624 2303 accusandum
652 2271 718 2304 Ed.
758 2272 941 2303 Vas-cosam.
966 2273 970 2306 Ι
994 2273 1077 2312 petit
1135 2276 1155 2301 4
1182 2272 1367 2313 adsumpsit
1428 2272 1460 2311 7,
1488 2277 1507 2304 2
1545 2311 1548 2314 Ι

94 2340 179 2370 uitia
201 2341 267 2370 uite
289 2341 296 2379 ἰ
316 2340 389 2371 hori
428 2340 492 2376 8.l
522 2342 653 2382 aliquas
692 2345 711 2372 3
742 2340 831 2372 Creu.
860 2348 892 2371 et
917 2342 959 2372 ab
987 2341 1064 2371 odio
1086 2341 1091 2381 l
1115 2341 1280 2372 uniuersis
1305 2341 1372 2374 ind.
1403 2351 1430 2373 c.
1458 2352 1507 2383 pr.

97 2397 170 2438 My.
191 2397 264 2429 Em.
295 2397 363 2429 61&
399 2397 516 2440 (Gryn.
545 2400 700 2429 universo
720 2399 889 2429 iudicante
909 2399 1034 2440 populo
1053 2399 1221 2438 Romano)
1261 2403 1280 2428 4
1308 2408 1368 2429 rex
1390 2406 1509 2439 agatur

96 2454 129 2493 9,
151 2459 169 2486 2
196 2465 282 2494 serg.
310 2456 413 2495 galba
471 2460 490 2487 3
522 2454 727 2487 scribendum
754 2455 878 2487 videtur
903 2456 1022 2487 stetisti
1049 2455 1140 2495 (Em.
1173 2454 1258 2495 619)
1293 2457 1298 2495 1
1333 2457 1459 2495 uigiliae
1483 2457 1511 2488 si

96 2513 252 2543 aceruius
290 2516 308 2542 5
335 2513 517 2554 imperator
542 2519 576 2544 et
600 2521 738 2544 exactor
763 2513 871 2545 Weiss.
900 2513 1017 2555 (Gryn.
1037 2513 1246 2553 circumircs)
1289 2516 1306 2543 6
1335 2523 1377 2544 ex
1390 2514 1509 2544 itinere

95 2570 260 2601 uictorem
287 2569 384 2602 Gron.
425 2571 542 2612 (Gr-yn.
583 2581 625 2602 ex
650 2572 686 2602 it.
714 2571 850 2602 duxisti.
879 2571 930 2603 Ne
957 2570 1052 2613 vict.)
1110 2571 1164 2609 10,
1193 2575 1212 2602 3
1240 2580 1314 2602 cum
1341 2576 1374 2602 et
1399 2571 1514 2612 praeda

98 2629 118 2656 4
143 2628 320 2667 pecuniam
346 2637 457 2668 regem
507 2628 562 2664 11,
593 2632 606 2659 1
636 2628 849 2669 stipulandos

1183 2691 1250 2720 17*
