1753 2934
613 121 686 153 Lib.
713 119 1054 152 LXVIII—LXXII.
1432 121 1478 154 55)

677 252 740 284 Ex
766 251 852 283 LIB.
880 251 989 283 LXX.

223 328 334 366 Quum
362 329 418 360 M'.
450 329 609 369 Aquilius
645 330 685 359 de
718 329 869 370 pecuniis
905 326 1097 368 repetundis
1124 334 1259 356 eausam
1287 324 1430 360 diceret,
1465 324 1535 365 ipse

126 387 254 420 iudices
280 400 399 430 rogare
424 390 550 429 noluit;
590 389 636 421 M.
665 389 853 427 Antonius,
893 389 949 428 qui
983 398 1043 428 pro
1075 397 1115 418 eo
1150 385 1348 427 perorabat,
1388 384 1535 415 tunicam

125 459 145 480 a
170 456 304 491 pectore
333 450 403 482 cius
429 451 572 487 discidit,
599 456 635 481 ut
659 451 817 481 honestas
847 450 1022 481 cicatrices
1051 448 1253 484 ostenderet,
1292 452 1324 476 et
1349 445 1535 476 indubitate

125 511 300 543 absolutus
326 520 385 543 est.
447 510 565 543 Cicero
599 512 669 542 eius
703 512 747 541 rei
783 511 874 542 solus
906 517 1032 541 auctor.
1090 509 1131 540 T.
1158 508 1280 539 Didius
1312 517 1442 548 procos.
1475 507 1534 537 ad-

123 581 236 604 versus
265 573 454 604 Celtiberos
489 572 632 604 feliciter
664 573 835 613 pugnavit.
886 570 1088 602 Ptolemaeus
1123 569 1327 610 Cyrenarum
1362 578 1438 607 rex,
1482 569 1535 599 eui

123 644 313 675 cognomen
339 635 484 676 Apionis
510 634 589 671 fuit,
627 640 777 665 mortuns
804 633 960 664 heredem
987 631 1146 673 populum
1174 631 1361 661 Romanum
1389 629 1533 670 reliquit,

123 702 155 726 ct
192 697 263 728 eius
303 698 395 736 regni
429 697 580 727 civitates
617 703 751 727 senatus
789 696 911 726 liberas
951 703 1021 725 csse
1059 692 1164 723 iussit.
1222 690 1465 722 Ariobarzanes
1500 691 1534 721 in

121 766 259 797 regnum
297 757 523 799 Cappadociae
565 768 584 788 a
619 758 658 790 L.
689 756 846 787 Cornelio
883 756 978 788 Sulla
1013 756 1169 785 reduetus
1204 759 1264 783 cst.
1329 751 1532 783 Parthorum

120 818 224 859 legati
258 830 277 849 a
303 828 381 859 rege
408 821 537 850 Arsace
572 819 663 850 missi
697 824 861 849 venerunt
886 818 927 848 ad
955 815 1103 853 Sullam,
1139 820 1175 844 ut
1207 814 1389 844 amicitiam
1415 813 1531 854 populi

119 879 266 911 Romani
284 887 446 921 peterent.
498 881 535 912 P.
552 880 711 916 Rutilius,
738 881 787 910 vir
813 889 951 910 summae
976 876 1189 913 innocentiae,
1215 876 1375 915 quoniam
1401 876 1532 915 legatus

121 939 158 972 C.
186 941 292 972 Mucii
318 952 451 982 procos.
495 952 514 972 a
550 942 806 982 publicanorum
843 941 973 971 iniuriis
1002 939 1120 970 Asiam
1152 936 1362 974 defenderat,
1403 937 1531 968 invisus

119 1003 266 1042 equestri
293 1004 420 1041 ordini,
455 1012 560 1044 penes
588 1012 684 1043 quem
712 1004 835 1033 iudicia
861 1007 972 1038 erant,
1007 1000 1266 1040 repetundarum
1293 999 1471 1028 damnatus
1497 998 1530 1028 in

118 1064 275 1094 exsilium
308 1065 431 1096 missus
468 1070 528 1095 cst.
595 1064 630 1096 C.
661 1064 797 1096 Sentius
831 1070 953 1104 praetor
984 1063 1143 1093 adversus
1171 1061 1320 1092 Thracas
1354 1058 1532 1090 infeliciter

115 1127 287 1166 pugnavit.
355 1126 500 1157 Senatus
537 1135 638 1166 quum
678 1124 912 1165 impotentiam
951 1123 1114 1162 equestris
1152 1123 1278 1154 ordinis
1324 1122 1358 1151 in
1395 1121 1529 1152 iudiciis

115 1188 313 1218 exercendis
339 1187 425 1218 ferre
441 1188 557 1224 nollet,
586 1187 677 1218 omni
706 1186 736 1216 vi
764 1185 843 1216 eniti
871 1186 982 1226 coepit,
1004 1190 1039 1215 ut
1058 1186 1098 1215 ad
1121 1195 1154 1216 se
1173 1184 1298 1216 iudicia
1323 1182 1528 1221 transferret,

115 1249 300 1280 sustinente
345 1259 482 1280 causam
523 1250 594 1279 eius
631 1249 676 1279 M.
712 1247 809 1278 Livio
843 1247 956 1278 Druso
990 1252 1029 1277 tr.
1057 1247 1121 1288 pL,
1168 1247 1240 1286 qui,
1275 1252 1312 1276 ut
1344 1246 1430 1276 vires
1463 1246 1527 1277 sibi

113 1310 318 1350 acquireret,
362 1311 552 1352 perniciosa
596 1319 652 1351 spe
690 1308 905 1348 largitionum
943 1309 1075 1349 plebem
1114 1308 1306 1339 concitavit.
1364 1307 1528 1338 Praeterea

114 1377 225 1402 motus
252 1371 357 1412 Syriae
383 1380 568 1411 regumque
595 1370 756 1401 continet.

654 1499 718 1531 EX
743 1500 830 1532 LIB.
858 1499 984 1531 LXXI.

214 1575 262 1607 M.
297 1575 414 1607 Livius
445 1576 575 1607 Drusus
611 1582 650 1608 tr.
687 1577 750 1617 pL,
797 1586 863 1617 quo
898 1577 1082 1608 maioribus
1118 1576 1242 1607 viribus
1276 1581 1412 1606 senatus
1447 1584 1525 1605 cau-

114 1646 185 1668 sam
220 1643 410 1678 susceptam
445 1644 612 1675 tueretur,
657 1640 766 1670 socios
802 1646 835 1670 et
859 1639 996 1670 Italicos
1029 1638 1172 1679 populos
1204 1647 1261 1679 spe
1287 1637 1431 1669 civitatis
1457 1636 1525 1668 Ro-

113 1706 221 1728 manae
247 1697 451 1736 sollicitavit,
479 1699 594 1740 eisque
612 1701 860 1737 adiuvantibus,
891 1710 950 1742 per
974 1701 1038 1731 vim
1064 1699 1197 1740 legibus
1220 1700 1360 1740 agrariis
1379 1699 1524 1730 frumen·

114 1759 273 1800 tariisque
298 1759 385 1798 latis,
412 1760 623 1792 iudiciariam
652 1772 785 1803 quoquc
811 1763 959 1803 pertulit,
986 1767 1023 1792 ut
1047 1770 1144 1800 aequa
1168 1766 1263 1802 parte
1282 1762 1404 1792 iudicia
1422 1771 1523 1802 penes

111 1826 267 1852 senatum
295 1827 328 1851 et
353 1828 541 1861 equestrem
568 1823 720 1854 ordinem
746 1832 867 1855 essent.
924 1823 1036 1861 Quum
1071 1822 1190 1853 deinde
1226 1824 1391 1863 promissa
1425 1822 1524 1854 sociis

113 1883 228 1914 civitas
254 1882 406 1923 praestari
433 1891 502 1913 non
527 1890 658 1924 posset,
697 1884 773 1914 irati
800 1885 909 1916 Italici
935 1884 1157 1916 defectionem
1185 1886 1312 1925 agitare
1339 1893 1522 1926 coeperunt.

111 1944 238 1975 Eorum
282 1950 387 1975 coetus
431 1945 750 1985 coniurationesque
791 1953 823 1976 et
860 1947 1029 1977 orationes
1066 1947 1099 1976 in
1141 1947 1290 1978 consiliis
1331 1949 1523 1990 principum

111 2005 311 2037 referuntur.
361 2005 505 2046 Propter
538 2016 612 2047 quae
638 2007 753 2038 Livius
779 2007 912 2038 Drusus
947 2008 1075 2040 invisus
1111 2009 1210 2039 etiam
1247 2010 1378 2040 senatui
1414 2009 1522 2042 sactus

110 2067 202 2098 velut
226 2067 360 2099 socialis
386 2067 466 2098 belli
492 2074 620 2106 auctor,
647 2069 812 2099 incertum
838 2079 858 2099 a
884 2079 960 2109 quo,
987 2070 1077 2100 domi
1103 2070 1234 2101 occisus
1261 2075 1321 2102 est.

638 2199 702 2229 EX
731 2198 818 2229 LIB.
846 2199 990 2230 LXXII.

208 2273 317 2306 Italici
337 2275 452 2315 populi
476 2274 683 2313 defecerunt,
710 2274 880 2313 Picentes,
906 2276 1050 2314 Vestini,
1072 2275 1188 2312 Marsi,
1215 2276 1360 2317 Peligni,
1386 2277 1519 2308 Marru-

106 2336 195 2375 cini,
223 2336 408 2373 Samnites,
434 2336 575 2368 Lucani.
628 2337 729 2368 Initio
760 2337 841 2367 belli
871 2347 891 2368 a
915 2337 1112 2369 Picentibus
1137 2343 1250 2375 moto,
1290 2337 1328 2376 Q.
1358 2338 1519 2370 Servilius

109 2407 240 2438 procos.
273 2398 306 2428 in
343 2398 468 2439 oppido
495 2397 613 2429 Asculo
650 2408 725 2429 cum
758 2400 913 2431 omnibus
950 2400 1080 2431 civibus
1109 2400 1290 2438 Romanis,
1327 2401 1384 2440 qui
1420 2402 1454 2431 in
1479 2410 1518 2432 eo

109 2459 234 2500 oppido
272 2466 385 2498 erant,
428 2459 559 2490 occisus
595 2465 656 2490 est.
723 2459 814 2500 Saga
850 2461 996 2502 populus
1039 2462 1190 2503 sumpsit.
1248 2461 1319 2494 Ser.
1355 2459 1467 2492 Galba
1498 2472 1518 2492 a

108 2519 256 2552 Lucanis
283 2520 566 2561 comprehensus,
607 2521 707 2552 unius
744 2521 877 2553 feminae
909 2532 1028 2564 opera,
1069 2524 1112 2554 ad
1146 2533 1245 2564 quam
1271 2525 1516 2562 devertebatur,

108 2592 125 2612 ε
151 2582 342 2623 captivitate
377 2589 531 2623 receptus
565 2588 624 2614 est.
683 2582 842 2614 AEsernia
875 2589 907 2614 et
932 2584 1025 2615 Alba
1058 2585 1200 2616 coloniae
1234 2585 1277 2616 ab
1302 2585 1431 2617 Italicis
1457 2586 1516 2617 ob-

107 2651 209 2674 sessae
235 2649 322 2674 sunt.
373 2643 513 2675 Auxilia
539 2645 657 2676 deinde
670 2644 784 2676 Latini
811 2646 956 2678 nominis
974 2630 1233 2688 exterarumque
1247 2647 1397 2687 gentium
1415 2647 1517 2678 missa
