1753 2934
472 142 570 173 Libcr
596 142 703 174 XLV.
758 144 818 181 (A.
846 141 924 173 Chr.
958 143 1048 181 168.)
1314 146 1389 180 225

62 278 217 313 remque
247 266 372 302 debito
407 267 587 302 beneficio
622 266 748 304 addat.
799 267 848 302 Et
877 268 1056 316 populum
1085 268 1297 304 Romanum
1329 266 1377 302 ab
1410 279 1454 302 eo

63 336 161 372 bello
193 336 337 371 Punico
376 336 462 372 forti
502 337 677 384 fidelique
714 348 830 383 opera
870 336 1059 379 adiutum,
1100 343 1135 372 et
1171 336 1273 372 illum
1306 336 1456 373 favente

62 406 203 454 populo
234 407 408 442 Romano
448 418 605 453 regnum
638 405 836 453 adeptum
881 405 1038 453 aequatis
1075 406 1131 449 iis,
1172 413 1305 453 postca
1346 407 1454 442 trium

62 487 192 523 regum
226 474 331 510 bellis
362 474 538 522 deinceps
569 475 743 510 omnibus
774 488 857 511 eum
890 476 1055 511 functum
1088 475 1233 511 officiis.
1282 477 1454 512 Victoria

61 557 152 581 vero
185 543 315 592 populi
345 544 508 580 Romani
547 544 664 580 laetari
702 557 785 580 eum
817 558 943 593 regem
976 545 1109 581 mirum
1140 558 1215 581 non
1248 558 1350 588 esse,
1394 547 1457 594 qui

62 621 200 650 sortem
233 626 379 650 omnem
410 613 570 650 fortunae
599 615 778 662 regnique
807 616 864 652 sui
895 628 976 652 cum
1020 616 1131 651 rebus
1163 617 1343 652 Romanis
1386 618 1455 654 mi-

61 685 230 722 scuisset.
302 683 442 720 Grates
473 684 551 720 deis
581 697 650 733 pro
688 685 847 722 victoria
885 692 976 733 aput
1006 698 1094 721 suos
1125 693 1280 734 penates
1311 694 1457 736 ageret3

61 755 193 791 Romae
226 753 340 789 filium
371 767 440 802 pro
471 767 515 791 eo
551 763 734 792 acturum.
806 755 1049 793 Gratulatum
1086 768 1236 804 quoque
1266 757 1357 793 satis
1388 769 1456 793 suo

62 836 106 860 ac
147 824 265 872 patris
304 824 455 860 nomine
491 837 583 862 esse.
657 826 786 874 Ipsum
827 826 1039 874 relinquere
1070 837 1225 873 regnum
1258 833 1294 862 et
1323 826 1459 863 Africa

62 893 263 935 excedere,
301 901 551 942 praeterquam
585 896 685 943 quod
725 896 777 932 illi
807 896 935 932 inutile
974 902 1083 939 esset,
1125 907 1199 931 non
1240 908 1321 933 esse
1361 910 1380 932 e
1418 910 1459 933 re

61 963 213 1012 publica
241 964 371 1012 populi
402 965 576 1009 Romani,
607 972 777 1002 senatum
807 978 968 1003 censere.
1016 965 1166 1002 Petenti
1181 965 1389 1014 Masgabae,
1419 972 1459 1002 ut

61 1034 201 1070 Hanno
231 1033 462 1070 Hamilcaris
493 1035 590 1071 filius
619 1048 728 1083 opses
757 1037 794 1072 in
824 1036 947 1073 locum
970 1036 991 1057 *
1014 1036 1035 1057 *
1068 1035 1246 1082 exigeret.
1297 1036 1457 1072 Munera

62 1116 108 1139 ex
138 1109 290 1139 senatus
317 1104 488 1140 consulto
519 1118 643 1141 emere
673 1106 805 1154 regulo
840 1112 1004 1154 quaestor
1032 1104 1156 1140 iussus
1191 1118 1236 1141 ex
1268 1104 1298 1142 C
1328 1106 1455 1154 pondo

62 1173 221 1222 argenti,
251 1181 287 1209 et
308 1174 486 1222 prosequi
511 1187 594 1210 eum
617 1176 810 1220 Puteolos,
842 1187 1067 1222 omnemque
1097 1181 1299 1223 sumptum,
1331 1176 1457 1223 quoad

59 1243 98 1279 in
128 1243 242 1279 Italia
271 1250 380 1287 esset,
410 1245 590 1292 praebere,
620 1252 655 1281 et
686 1245 780 1281 duas
810 1259 927 1281 naves
959 1244 1180 1282 conducere.
1211 1245 1346 1293 quibus
1377 1246 1456 1294 ipse

61 1314 292 1360 comitesque
323 1312 459 1363 [regis]
492 1315 528 1350 in
555 1314 725 1350 Africam
757 1316 1051 1352 deveherentur:
1083 1321 1118 1351 et
1148 1315 1346 1351 comitibus
1377 1328 1456 1352 om-

62 1383 183 1425 nibus,
212 1382 340 1418 liberis
369 1385 574 1432 servisque.
605 1385 829 1421 vestimenta
859 1386 960 1421 data.
1010 1385 1126 1420 Haud
1158 1385 1212 1420 ita
1233 1384 1350 1421 multo
1372 1392 1459 1433 post

63 1452 108 1488 de
139 1452 257 1488 altero
280 1453 491 1491 Masinissae
520 1455 596 1491 filio
626 1455 822 1503 Misagene
851 1455 984 1491 litterae
1009 1455 1145 1492 adlatae
1175 1462 1272 1500 sunt,
1304 1456 1457 1492 missum

61 1535 144 1559 eum
187 1524 234 1559 ab
278 1523 322 1561 L.
363 1525 486 1561 Paulo
534 1532 620 1573 post
670 1525 857 1562 devictum
902 1526 1043 1562 Persea
1085 1526 1122 1561 in
1164 1524 1336 1562 Africam
1375 1538 1457 1562 cuni

63 1593 249 1641 equitibus
279 1592 376 1636 suis;
412 1593 666 1642 navigantem,
695 1595 865 1643 dispersa
887 1595 1006 1631 classe
1036 1596 1073 1631 in
1094 1595 1319 1631 Hadriatico
1350 1596 1456 1640 mari,

62 1662 303 1698 Brundisium
347 1662 465 1698 tribus
505 1664 667 1700 navibus
711 1677 852 1712 aegrum
894 1665 1072 1700 delatum.
1144 1665 1210 1701 Ad
1245 1679 1328 1702 eum
1373 1679 1455 1702 cum

60 1733 193 1769 iisdem
251 1732 493 1778 muneribus,
557 1746 639 1781 quae
697 1734 788 1770 data
843 1735 975 1771 Romae
1031 1733 1139 1770 fratri
1196 1734 1274 1771 eius
1333 1742 1458 1779 erant,

61 1937 92 1974 2,
120 1941 138 1968 2
168 1936 301 1968 fauente
326 1945 465 1976 reguum
493 1946 524 1976 p.
551 1924 572 1966 r‘
591 1937 747 1977 adeptum
766 1935 884 1967 Editor
901 1934 1016 1976 aliquis
1028 1942 1100 1977 post
1114 1935 1209 1967 Frob.
1224 1935 1272 1968 II.
1322 1940 1341 1967 3
1356 1937 1457 1978 aequi-

61 1996 138 2027 tatis
164 1995 203 2027 iis
241 1994 370 2031 Weztvs.;
410 1994 440 2024 in
472 1992 551 2024 idem
584 1994 699 2035 etipse
725 1992 906 2024 incideram.
949 1992 1070 2035 (Gryn.
1104 1994 1261 2034 aequitate
1304 2004 1364 2025 sua
1397 2004 1458 2036 po-

61 2053 151 2094 stea)
231 2057 251 2083 4
290 2051 432 2084 fructum
474 2051 575 2082 officii
613 2050 734 2093 (Gryn.
776 2062 833 2082 om.
872 2052 964 2091 eum)
1059 2051 1090 2090 3,
1117 2056 1136 2082 3
1170 2052 1330 2092 regnique
1355 2052 1453 2083 suae}

60 2122 296 2154 immiscuisset
317 2120 448 2163 Kreyss.
499 2125 518 2151 4
544 2125 654 2160 grates
679 2120 761 2151 deiis
785 2130 817 2161 p.
837 2107 862 2150 r.
891 2121 1032 2151 uictoria
1053 2119 1124 2162 My.
1141 2120 1214 2152 Em.
1242 2119 1313 2152 597
1339 2120 1454 2162 (Gryn.

61 2181 131 2211 deis
163 2189 223 2222 pro
254 2179 372 2220 populi
400 2178 542 2209 Romani
566 2178 718 2218 victoria)
792 2181 810 2207 5
848 2187 908 2218 pro
948 2188 1023 2209 eum
1107 2177 1139 2216 5,
1179 2182 1197 2208 2
1235 2178 1322 2210 filius
1359 2188 1456 2220 ospes

61 2236 171 2280 St'qon.
212 2238 217 2278 Ι
255 2238 365 2268 locum
415 2237 564 2277 exigeret
610 2235 707 2278 Gryn.
745 2234 897 2266 stellulam
935 2236 1089 2277 apposuit.
1169 2234 1355 2267 omissorum
1391 2236 1457 2267 haec

63 2297 126 2327 fere
140 2295 212 2337 fuit
233 2294 388 2326 sententz'ce
401 2295 532 2336 forma:
560 2294 594 2325 in
620 2294 732 2326 locum
758 2294 842 2324 alius
868 2294 1037 2324 cuiusdam
1055 2293 1292 2334 postularetur,
1317 2303 1455 2335 respou-

62 2364 133 2386 sum
159 2359 226 2392 est,
265 2353 355 2384 haud
391 2362 523 2393 aequum
560 2362 648 2390 esse,
679 2358 830 2383 senatum
856 2362 876 2382 a
901 2350 1232 2391 Carthaginiensibus
1256 2351 1389 2383 obsides
1414 2352 1455 2382 ad

62 2412 236 2444 arbitrium
255 2410 441 2442 Masinissae
461 2411 607 2450 exigere.
655 2409 743 2442 Nam
762 2410 910 2449 exigeret
926 2407 972 2441 acl
989 2415 1025 2440 ut
1041 2408 1304 2440 accommodatum
1322 2408 1453 2441 videtur.

62 2480 94 2518 6,
121 2485 139 2511 2
163 2481 271 2512 iussus
297 2485 328 2510 et
353 2489 380 2511 c.
407 2481 519 2521 pondo
584 2483 603 2510 3
638 2463 886 2520 prosequiieum
907 2478 912 2518 1
935 2484 1066 2520 sumptu
1128 2483 1148 2509 4
1175 2479 1376 2510 conduceret
1423 2477 1455 2516 7,

63 2541 82 2569 2
119 2538 185 2570 Aut
208 2536 369 2569 delendum
397 2544 442 2568 est
476 2538 563 2577 regis
589 2542 732 2568 autenm
761 2535 858 2568 Gron.
884 2535 1077 2568 scribendum
1106 2537 1186 2568 eius.
1218 2536 1223 2576 Ι
1253 2541 1286 2566 et
1311 2536 1454 2567 comitiis

61 2595 94 2634 8,
120 2600 140 2626 4
165 2597 346 2637 dispersam
371 2595 509 2626 classem
532 2596 536 2634 Ι
559 2603 649 2625 mare
706 2598 722 2624 5
751 2593 896 2624 delatum
922 2604 995 2625 eum
1060 2594 1092 2633 9,
1120 2599 1138 2626 2
1172 2594 1259 2626 idem
1283 2595 1288 2633 ξ
1309 2602 1454 2624 romanae

96 2659 192 2684 Livius
212 2666 248 2684 ex
266 2665 319 2683 rec.
340 2658 481 2689 Madvigii.
523 2658 583 2683 VII.
1152 2660 1190 2688 15

1487 269 1507 303 to
