1796 2929
245 391 266 424 10

355 131 428 166 180
697 127 800 158 Liber
824 125 949 157 XLIV.
1010 126 1068 165 (A.
1096 136 1127 156 u.
1156 136 1183 156 c.
1212 127 1306 167 586.)

295 263 362 287 nec
374 250 578 297 quicquam
590 248 713 292 aliud3
730 247 797 284 sed
813 259 898 283 cum
916 249 1078 284 suadere
1093 261 1161 284 non
1181 249 1392 285 consulenti
1409 261 1519 285 nemo
1537 248 1705 288 auderet,

296 318 498 356 remittitur
527 317 772 364 Antigonus,
818 317 883 364 qui
913 318 1117 361 nuntiaret,
1163 319 1330 366 quinque
1360 318 1504 354 milium
1536 317 1705 365 equitum

299 399 417 434 opera
445 392 592 422 tantum
623 386 677 421 uti
706 398 849 434 regem,
879 398 955 422 non
977 393 1104 423 tenere
1123 388 1400 424 multitudinem
1426 387 1553 424 aliam.
1593 386 1707 434 Quod

296 454 361 489 ubi
399 453 581 489 audivere
611 455 789 498 barbari,
833 461 1044 492 ceterorum
1076 457 1228 504 quidem
1259 458 1432 495 fremitus
1462 456 1553 500 fuit,
1582 455 1708 503 indig-

296 522 467 558 nantium
499 535 541 559 se
570 523 713 560 frustra
743 524 889 562 excitos
930 526 1083 562 sedibus
1115 528 1212 570 suis;
1257 527 1462 565 Clondicus
1492 537 1623 563 rursus
1652 525 1709 561 in-

298 599 488 640 terrogat,
525 594 661 641 ecquid
691 594 784 642 ipsis
812 594 978 642 quinque
1015 596 1186 641 milibus,
1226 598 1328 645 quod
1359 596 1610 639 convenisset,
1640 606 1707 630 nu-

299 663 491 700 meraret?
534 662 630 700 Cum
661 664 846 700 adversus
884 663 921 699 id
953 676 1105 712 quoque
1135 666 1283 703 misceri
1314 667 1497 713 ambages
1527 670 1710 702 cerneret,

299 731 484 767 inviolato
514 732 643 769 fallaci
674 734 830 775 nuntio,
872 734 974 780 quod
1006 735 1071 771 vix
1111 742 1335 784 speraverat
1362 736 1445 784 ipse
1475 746 1589 782 posse
1617 745 1710 769 con-

300 801 458 849 tingere,
489 808 591 838 retro
623 803 672 838 ad
703 803 898 845 Histrum,
942 805 1184 852 perpopulati
1215 805 1440 846 Threciam,
1481 817 1557 852 qua
1585 803 1713 839 vicina

303 877 386 907 erat
409 871 493 915 viae,
516 872 728 915 redierunt;
760 885 844 920 quae
870 885 1017 915 manus,
1043 874 1171 922 quieto
1195 875 1349 911 sedente
1371 887 1459 923 rege
1485 875 1533 910 ad
1550 873 1712 922 Elpeum

303 939 487 977 adversus
517 941 727 985 Romanos,
758 943 988 979 Perrhaebiae
1018 944 1156 980 saltum
1188 945 1226 980 in
1252 945 1493 981 Thessaliam
1526 943 1714 983 traducta,

302 1022 378 1047 non
408 1023 523 1058 agros
553 1017 700 1047 tantum
731 1012 877 1048 nudare
906 1013 1127 1060 populando
1158 1014 1294 1061 potuit,
1324 1026 1371 1050 ne
1403 1026 1499 1062 quos
1528 1013 1616 1049 inde
1635 1013 1714 1049 Ro-

303 1081 406 1117 mani
432 1087 668 1118 commeatus
695 1088 953 1130 expectarent,
977 1082 1044 1118 sed
1067 1082 1170 1130 ipsas
1196 1083 1397 1120 excindere
1419 1085 1544 1123 urbes.
1566 1087 1715 1119 tenente

304 1150 354 1186 ad
382 1150 546 1198 Elpeum
583 1151 725 1187 Perseo
756 1152 976 1196 Romanos,
1006 1165 1054 1188 ne
1086 1154 1244 1189 urbibus
1274 1154 1387 1190 sociis
1418 1153 1597 1202 opitulari
1626 1163 1714 1200 pos-

304 1226 399 1256 sent.
444 1220 546 1268 Ipsis
577 1232 731 1267 quoque
760 1222 946 1258 Romanis
976 1222 1023 1258 de
1053 1233 1092 1258 se
1116 1223 1361 1271 cogitandum
1384 1223 1530 1265 fuisset,
1561 1221 1716 1270 quando

304 1302 428 1338 neque
455 1302 632 1334 manere,
664 1290 807 1326 amissa.
837 1291 1053 1335 Thessalia,
1084 1293 1184 1328 unde
1213 1293 1402 1329 exercitus
1433 1292 1620 1337 alebatur,
1649 1303 1718 1339 po-

305 1359 484 1404 tuissent,
521 1371 646 1407 neque
675 1360 875 1408 progredi,
913 1373 998 1397 cum
1030 1373 1078 1397 ex
1108 1361 1272 1398 adverso
1304 1368 1431 1398 castra.
1460 1362 1719 1398 Macedonum

306 1426 384 1470 **,
431 1428 496 1477 qui
541 1440 588 1465 ea
631 1430 892 1477 pependerant
934 1443 1024 1479 spe,
1068 1431 1171 1467 haud
1212 1432 1456 1468 mediocriter
1496 1429 1719 1467 debilitavit.

307 1498 455 1535 Eadem
486 1498 652 1534 avaritia
672 1498 855 1536 Gentium
886 1513 1014 1549 regem
1047 1501 1119 1538 sibi
1141 1501 1334 1537 alienavit.
1376 1501 1493 1545 Nam,
1515 1512 1598 1536 cum
1622 1497 1722 1537 CCC

305 1568 451 1604 talenta
467 1567 585 1604 Pellae
608 1567 733 1604 missis
759 1581 782 1604 a
804 1568 947 1607 Gentio
970 1578 1220 1614 numerasset,
1246 1571 1400 1619 signare
1425 1582 1491 1606 eos
1520 1569 1721 1618 pecuniam

307 1649 444 1685 passus
475 1643 543 1680 θεῖς
573 1636 661 1672 inde
690 1638 732 1674 X
762 1638 908 1676 talenta
941 1640 990 1676 ad
1012 1641 1279 1677 Pantauchum
1315 1640 1445 1683 missa,
1476 1651 1598 1687 eaque
1627 1650 1722 1686 prae—

308 1707 432 1744 sentia
461 1707 545 1743 dari
567 1707 648 1755 regi
670 1707 799 1751 iussit;
830 1709 1015 1757 reliquam
1043 1710 1257 1758 pecuniam,
1288 1710 1477 1758 signatam
1503 1708 1723 1757 Illyriorum

309 1777 432 1825 signo,
472 1777 714 1825 portantibus
754 1778 833 1814 suis
876 1780 1059 1827 praecipit,
1103 1780 1234 1827 parvis
1279 1779 1478 1815 itineribus
1521 1779 1723 1815 veherent:

311 1983 330 2009 2
351 1988 392 2009 ne
410 1979 591 2019 quiequam
608 1999 609 2021 }
626 1980 768 2011 suadere
791 1981 968 2012 consulent
984 1981 1100 2022 ((,ὺ-ῃη.
1127 1980 1332 2020 consulenti)
1352 1988 1452 2011 nemo
1469 1977 1540 2019 My.
1560 1977 1633 2009 Em.
1653 1976 1727 2009 579

311 2048 659 2088 3nuntiarentlmilia
684 2038 1068 2091 4nonteinnere(G7-yn.
1082 2049 1312 2088 contemnere)
1329 2049 1410 2088 {alia
1435 2036 1725 2086 2‚2indignatnn-

311 2106 394 2136 tium
433 2109 451 2137 3
477 2106 605 2137 excitus
628 2107 632 2144 l
657 2106 867 2146 ·c·10ngicus
902 2111 921 2137 4
939 2108 1054 2147 etquid
1102 2108 1166 2145 3‚l
1191 2112 1340 2138 cerneret
1357 2106 1485 2137 uiolato
1528 2109 1546 2135 3
1573 2105 1726 2136 histrium

312 2163 552 2204 perpostulatis
578 2164 716 2194 treciam
790 2163 828 2201 4,
871 2168 883 2195 1
922 2165 964 2194 ad
1001 2165 1157 2205 enipeum
1187 2164 1258 2205 My.
1294 2164 1422 2204 (Prave
1442 2162 1584 2204 plerique
1608 2172 1729 2193 comma

314 2227 384 2252 ante
411 2222 568 2252 adversus
590 2227 721 2262 ponunt,
747 2221 889 2253 omittunt
907 2227 978 2263 post
995 2222 1199 2262 Romanos.)
1250 2225 1268 2252 2
1295 2219 1654 2262 perrebiaesstessaliam
1707 2222 1726 2249 3

314 2278 509 2319 populanda
580 2278 612 2315 5,
645 2282 658 2308 1
699 2284 850 2310 tenentes
916 2284 934 2310 2
962 2279 1116 2320 nelpeum
1144 2279 1215 2321 Mq.
1237 2277 1357 2320 (Gryn.
1382 2277 1569 2319 Enipeum)
1642 2275 1682 2313 6,
1711 2279 1721 2305 l

316 2347 418 2378 fuisse
472 2351 490 2377 2
517 2347 658 2377 tessalia
706 2351 725 2378 3
746 2337 956 2379 exeaduerso
1008 2347 1038 2385 7,
1063 2351 1074 2378 l
1106 2347 1274 2379 Lacunam
1306 2346 1404 2388 (ἔψη.
1432 2345 1581 2387 apposita
1605 2342 1730 2376 stellula

317 2405 446 2435 notavit.
503 2404 693 2436 Omissorwn
718 2404 800 2436 hanc
814 2406 920 2447 fnisse
945 2405 1125 2436 sententiam
1151 2411 1304 2446 apparel:
1331 2408 1451 2435 essent.
1503 2402 1578 2434 Hoc
1603 2402 1729 2433 amisso

317 2462 445 2493 auxilio
479 2461 623 2493 Perseus
657 2462 788 2493 animos
823 2463 1051 2494 Macedonum
1086 2468 1162 2499 cen,
1209 2461 1426 2502 onu‘ltendique
1460 2470 1588 2491 causam
1623 2469 1730 2490 nomen

317 2518 534 2551 Macedonum
560 2519 606 2550 bis
627 2520 772 2560 positum.
831 2520 863 2558 8,
891 2524 909 2551 2
935 2520 1023 2561 pelle
1048 2521 1153 2551 missa
1180 2520 1294 2559 gentio
1320 2522 1533 2550 numerasset
1558 2516 1655 2548 Frob.
1679 2514 1727 2547 II.

317 2577 349 2614 9,
380 2580 391 2607 l
422 2587 539 2617 passus
565 2578 642 2607 inde
664 2577 762 2609 Frob.
787 2576 835 2609 II.
865 2577 979 2616 (Gron.
1008 2587 1151 2618 passus,
1187 2576 1265 2607 inde
1292 2593 1332 2598 —-
1361 2576 1402 2607 ad
1429 2575 1468 2606 P.
1492 2574 1599 2614 misit)
1623 2574 1628 2612 Ι
1649 2582 1730 2614 pen-

319 2640 456 2666 taucum
508 2638 527 2665 3
553 2635 820 2675 portantibusuis
