1742 2902
468 92 569 123 Liber
594 90 704 122 xnn.
756 91 815 130 (Λ.
847 90 924 121 Chr.
958 90 1049 130 171.)
1364 90 1406 125 81

57 214 222 250 laetatum
244 219 461 260 appareret,
491 213 679 261 recepisti,
712 213 973 260 qui=omnium
1000 212 1216 260 Illyriorum
1247 209 1469 246 fidissimum

56 284 233 320 Romano
267 283 408 318 nomini
440 283 612 330 regulum
646 282 876 318 occiderant.
937 283 1013 318 Per
1043 281 1286 318 Thessaliam
1318 285 1355 315 et
1384 279 1470 314 Ma-

56 352 210 388 liensem
245 363 378 399 agrum
411 364 494 387 cum
527 351 695 387 exercitu
737 358 870 386 contra
910 351 1034 387 soedus
1066 351 1240 399 Delphos
1270 349 1350 392 isti3
1393 349 1471 396 By-

56 421 191 458 zantiis
222 421 310 456 item
343 429 477 457 contra
507 421 631 457 foedus
664 421 797 456 misisti
829 421 986 456 auxilia.
1049 420 1144 457 Cum
1170 419 1328 463 Boeotis,
1359 417 1472 454 sociis

56 490 209 533 nostri&
239 498 424 526 secretam
458 491 621 539 tibiipsi
650 489 885 533 societatem,
919 503 1032 538 quam
1081 503 1156 526 non
1195 490 1356 532 licebat,
1392 488 1473 523 iure

55 559 216 596 iurando
249 559 439 608 pepigisti.
505 561 714 597 Thebanos
743 559 906 607 legatos5
937 560 1123 596 Euersam
1157 566 1193 595 et
1223 558 1473 601 Callicritum,

56 630 250 666 venientes
275 630 323 665 ad
356 642 446 673 nos,
492 643 662 677 quaerere
693 629 816 673 malo,
863 630 946 676 quis
978 628 1231 670 interfecerit,
1263 641 1377 675 quam
1411 639 1472 662 ar-

55 711 183 747 guere.
251 700 296 735 In
326 699 477 736 AEtolia
506 700 645 736 bellum
677 700 895 735 intestinum
930 706 965 735 et
1006 699 1126 734 caedes
1158 697 1369 746 principum
1405 709 1474 745 per

56 780 165 815 quos,
195 768 266 803 nisi
297 781 366 816 per
395 776 493 813 ῐυοε,
524 768 636 805 facta>
666 769 787 804 videri
818 768 1005 816 possunt?
1064 768 1237 815 Dolopes
1269 780 1292 802 a
1322 774 1359 802 te
1388 766 1472 813 ipso

55 839 219 874 evastati
249 844 349 876 sunt.
394 838 586 874 Eumenes
617 851 697 883 rex,
729 838 777 873 ab
799 839 926 874 Roma
956 850 1039 874 cum
1067 838 1104 873 in
1134 849 1292 884 regnum
1321 836 1473 880 rediret,

0 933 1 941 1
55 920 176 956 prope
207 915 247 943 ut
277 908 445 944 victuma
474 908 636 956 Delphis
666 909 703 944 in
733 915 886 944 sacrato
918 907 1002 943 loco
1034 913 1122 943 ante
1152 920 1239 943 aras
1273 913 1473 951 mactatus,

56 990 167 1025 quem
203 977 406 1017 insimulet,
433 977 538 1025 piget
558 977 713 1014 referre.
760 979 854 1024 Quae
881 979 1021 1025 hospes
1047 977 1301 1013 Brundisinus
1323 976 1475 1012 occulta

56 1046 232 1084 facinora
262 1048 414 1092 indicet,
445 1055 588 1083 certum
621 1049 745 1084 habeo
779 1054 815 1084 et
845 1047 989 1094 scripta
1019 1046 1086 1082 tibi
1117 1046 1246 1082 omnia
1277 1046 1326 1081 ab
1348 1046 1475 1082 Roma

56 1129 140 1153 esse
177 1123 212 1154 et
249 1117 397 1165 legatos
440 1117 678 1153 renuntiasse
722 1123 821 1153 tuos.
891 1117 985 1152 Haec
1025 1129 1073 1152 ne
1103 1117 1318 1152 dicerentur
1349 1129 1371 1152 a
1402 1129 1474 1160 me,

55 1198 130 1222 uno
169 1186 284 1222 modo
323 1186 446 1222 vitare
485 1187 663 1234 potuisti,
702 1199 777 1222 non
818 1187 1044 1235 quaerendo,
1086 1199 1199 1233 quam
1233 1187 1282 1222 ob
1316 1198 1473 1222 eausam

54 1256 245 1292 exercitus
275 1256 312 1291 in
345 1256 614 1292 Macedoniam
647 1257 898 1293 traicerentur
927 1264 993 1292 aut
1025 1256 1203 1305 praesidia
1224 1256 1261 1291 in
1283 1256 1474 1291 sociorum

56 1327 169 1363 urbes
200 1326 447 1364 mitteremus,
509 1326 703 1372 Quaerenti
735 1327 801 1362 tibi
831 1327 1032 1375 superbius
1063 1327 1327 1368 tacuissemus,
1360 1338 1475 1372 quam

55 1408 149 1432 vera
178 1395 456 1444 respondimus.
503 1395 692 1442 Equidem
716 1409 786 1444 pro
821 1404 981 1444 paterno
1005 1404 1137 1433 nostro
1160 1397 1327 1445 hospitio
1358 1396 1473 1432 faveo

56 1466 220 1503 orationi
245 1475 319 1501 tuae
345 1472 382 1501 et
406 1472 510 1513 ορῑο,
538 1473 580 1500 ut
604 1466 773 1513 aliquam
799 1466 891 1501 mihi
913 1467 1109 1503 materiem
1127 1467 1300 1515 praebeas
1317 1466 1475 1513 agendae

55 1540 130 1572 tuae
159 1544 251 1583 aput
282 1544 456 1571 senatum
487 1540 650 1571 causae.“

167 1606 232 1642 Ad
263 1618 310 1641 ea
341 1619 429 1642 rex:
463 1606 640 1648 „Bonam
672 1618 841 1648 causam,
873 1606 905 1642 si
935 1611 1028 1654 aput
1049 1605 1193 1641 iudices
1222 1616 1354 1652 aequos
1386 1617 1476 1652 age-

59 1682 185 1720 retur,
221 1682 314 1723 aput
353 1675 506 1711 eosdem
544 1680 581 1710 et
617 1685 861 1712 accusatores
891 1682 928 1712 et
966 1675 1109 1712 iudices
1140 1687 1268 1723 agam.
1329 1674 1476 1710 Eorum

60 1753 201 1790 autem,
233 1758 317 1793 quae
350 1745 502 1781 obiecta
531 1751 619 1781 sunt
650 1745 759 1789 mihi,
801 1746 940 1794 partim
974 1758 1020 1781 ea
1050 1752 1150 1788 sunt,
1181 1744 1318 1792 quibus
1348 1744 1477 1780 nescio

61 1828 109 1852 an
131 1816 287 1863 gloriari
310 1816 483 1859 debeam,
514 1815 668 1863 partim,
700 1827 784 1862 quae
814 1814 927 1851 fateri
957 1828 1026 1851 non
1057 1815 1294 1857 erubescam,
1326 1813 1479 1861 partim,

62 1897 147 1934 quae
177 1886 296 1922 verbo
325 1885 476 1921 obiecta
505 1886 624 1921 verbo
657 1897 799 1933 negare
828 1887 919 1930 satis
949 1885 1008 1921 sit.
1071 1884 1172 1931 Quid
1203 1883 1323 1928 enim,
1364 1883 1396 1918 si
1426 1883 1478 1919 le-

61 1955 172 2003 gibus
199 1955 337 1991 vestris
367 1955 482 1991 hodie
510 1967 598 1991 reus
629 1953 720 1999 sim,
750 1960 828 2004 faut
866 1955 982 1990 index
1011 1953 1264 1990 Brundisinus
1305 1959 1371 1989 aut
1400 1953 1479 1989 Eu-

63 2087 83 2115 3
99 2084 152 2125 qui
175 2091 211 2114 ut
228 2084 378 2114 omnium
419 2088 439 2114 4
453 2083 654 2114 romanumfl
670 2083 823 2122 regulum
840 2084 1013 2114 occiderat
1055 2083 1085 2115 6.
1104 2087 1120 2113 2
1140 2083 1291 2122 byzantis
1332 2086 1350 2112 3
1369 2082 1480 2113 soedus

65 2141 206 2182 delphos
231 2141 350 2172 misisti
374 2142 378 2180 Ι
401 2141 523 2172 boetiis
550 2142 652 2172 sociis
677 2142 874 2172 socinostris
958 2140 989 2177 7,
1019 2144 1031 2171 l
1076 2150 1189 2170 eruam
1216 2146 1249 2170 et
1274 2140 1480 2171 calcini-itum

65 2199 124 2239 cfr.
151 2197 197 2228 ad
221 2209 247 2229 c·
273 2198 328 2236 13,
363 2197 391 2230 7.
475 2202 492 2228 ‘2
520 2209 540 2229 a
565 2208 625 2229 nos
653 2197 724 2239 My.
753 2198 827 2229 Em.
850 2198 923 2230 532
947 2198 1069 2239 (G'ryn.
1098 2209 1116 2228 a
1145 2197 1259 2235 nobis)
1309 2201 1328 2228 3
1355 2198 1389 2227 in
1416 2203 1480 2228 aeto

65 2259 86 2286 4
113 2256 268 2296 dolopers
340 2255 373 2293 8,
400 2259 419 2286 2
456 2266 531 2286 oras
608 2255 647 2293 9,
676 2260 694 2286 3
736 2262 768 2286 ct
793 2256 924 2294 legatos
951 2257 1163 2287 renuntiasse
1189 2262 1222 2285 et
1247 2256 1378 2295 legatos
1405 2261 1480 2287 tuos

64 2312 135 2343 haec
161 2312 278 2354 (Gryn.
307 2319 340 2342 et
364 2313 430 2353 leg.
459 2319 535 2344 tuos
562 2314 786 2351 renuntiasse)
877 2313 932 2350 10,
959 2317 978 2344 2
1004 2315 1117 2344 uidere
1142 2313 1280 2354 potuisti
1345 2317 1364 2343 3
1399 2318 1482 2353 aput

65 2370 222 2411 praesidia
270 2369 325 2402 11,
350 2374 362 2400 1
393 2370 471 2401 Post
489 2376 629 2411 paterno
655 2377 771 2400 nostro
795 2370 931 2410 spatium
958 2377 1002 2401 est
1028 2382 1158 2402 vacuum
1186 2369 1233 2401 ad
1247 2371 1347 2409 finem
1375 2382 1481 2401 versus

66 2425 110 2457 15
136 2432 191 2457 auc
214 2426 261 2457 16
282 2426 454 2458 litterarwn
480 2428 547 2458 sine
571 2438 688 2458 rasura
715 2426 868 2458 damnove
894 2428 1033 2466 chartoe5
1055 2428 1218 2469 proximus
1243 2439 1349 2458 versus
1373 2428 1484 2469 incipit

68 2494 90 2513 a
124 2484 239 2514 maiori
267 2484 371 2516 littera
397 2485 428 2515 in
454 2496 527 2516 voce
551 2486 699 2525 hospitio
763 2490 780 2516 2
818 2485 944 2525 aliquid
985 2487 989 2525 Ι
1032 2485 1130 2528 Gryn.
1155 2486 1332 2516 materiam
1367 2485 1482 2521 (Hertz

68 2541 196 2580 aliquid
221 2542 301 2572 mihi
328 2542 490 2582 materiae)
562 2542 656 2578 XLI,
684 2542 716 2580 1,
746 2546 759 2573 1
784 2543 840 2573 lex
882 2547 900 2573 2
927 2549 1032 2583 agant
1071 2543 1103 2581 2,
1130 2547 1149 2574 3
1169 2543 1267 2574 fateri
1286 2544 1484 2575 erubescam

69 2600 91 2627 4
111 2607 235 2638 negare
259 2599 303 2629 sin
320 2598 483 2630 Hearm'us
509 2599 602 2639 (Em.
621 2599 708 2639 533)

104 2660 202 2686 Livius
221 2668 258 2687 ex
275 2668 330 2686 rec.
351 2662 494 2693 Madvigii.
535 2662 598 2687 VII.
1200 2664 1218 2692 6

1512 1117 1524 1151 1

1509 1397 1523 1432 1

1508 1677 1530 1712 [Q

1535 1116 1556 1152 0

1539 1398 1551 1432 l

1533 1601 1586 1649 41
