1742 2902
794 133 835 159 Ιλ

112 265 214 296 mus,
264 253 363 289 illius
406 253 609 289 voluminis
653 252 804 300 pagina.
916 253 991 295 (De
1049 252 1296 295 Vascosano,
1355 250 1520 287 Curione

112 308 271 355 aliisque
314 308 504 343 veteribus
552 307 759 348 editoribus
812 307 1118 342 emendationum
1173 306 1250 342 fere
1295 306 1516 353 exiguarum

111 363 329 398 auctoribus
384 375 453 397 nos
497 362 720 409 plerumque
765 361 1082 397 Drakenborchio
1139 361 1344 396 credidisse
1400 361 1517 395 confi-

112 419 261 463 temur.)
305 417 452 463 Quibus
483 417 642 452 aliorum
674 416 898 451 coniecturis
930 416 1108 452 utendum
1142 429 1216 451 non
1248 415 1513 452 iudicavimus.

111 484 196 519 quae
228 484 320 507 sane
350 471 477 519 plures
506 479 611 507 sunt.
653 484 717 506 eas
756 483 801 506 ne
830 471 1051 506 indit-andus
1089 471 1238 517 quidem
1279 470 1519 517 putavimus..

113 525 214 573 quod
258 538 327 561 nec
376 526 529 561 omnino
574 525 637 561 illo
683 525 928 572 conquirendi
987 535 1022 560 ct
1077 525 1323 561 enumerandi
1379 537 1520 572 genere

112 580 345 616 delectamur
381 589 417 615 et
447 581 520 617 eis.
555 580 639 627 qui.
683 580 770 626 quid
812 580 847 615 in
889 592 1040 627 quoque
1093 580 1176 615 loco
1225 587 1408 615 tentatum
1460 579 1520 617 sit,

112 647 343 682 cognoscere
375 635 545 682 cupient.
578 634 815 670 satisfactum
857 636 905 670 ab
938 635 1096 670 Hertzio
1130 643 1210 670 erat
1257 646 1325 669 nec
1365 634 1521 669 videba-

112 697 174 726 tur
219 702 324 729 esse,
371 702 438 725 cur
486 702 531 725 ea
571 690 805 728 enumeratio
856 698 1100 735 repeteretur.
1181 688 1350 724 Subinde
1395 697 1522 723 tamen

113 744 363 780 indicavimus
395 745 430 779 in
468 745 715 779 annotatione
755 745 989 791 suspiciones
1028 744 1172 790 aliquot
1207 753 1243 778 et
1282 743 1440 778 aliorum
1487 751 1523 778 et

112 807 285 836 nostras.
333 810 428 845 quas
473 799 509 833 in
553 799 637 846 ipsa
686 799 859 834 oratione
905 798 1100 846 ponendas
1146 811 1220 833 non
1267 798 1521 845 putabamus,

114 853 216 901 quod
267 862 331 888 aut
380 853 556 888 mendum
599 865 672 887 non
713 865 868 900 prorsus
910 853 1150 888 manifestum
1193 863 1289 887 esset
1331 861 1394 887 aut
1440 864 1522 887 cor-

113 908 230 944 rectio
261 920 336 943 non
383 916 504 951 certa„
543 907 610 943 sed
650 920 745 953 quas
788 917 912 942 tamen
957 917 1017 942 aut
1053 907 1282 954 probabile-52
1323 906 1523 941 nonnullas

115 963 264 1010 quidem
308 962 441 998 valde.
487 971 551 998 aut
594 974 669 997 non
711 962 983 1009 improbabiles
1023 962 1299 997 iudicabamus.
1361 961 1449 998 Uno
1488 969 1523 996 et

114 1017 234 1053 altero
265 1018 369 1060 loco,
400 1017 469 1053 etsi
499 1030 649 1052 omnem
681 1017 976 1064 disputationem
1007 1016 1378 1063 explicationemque
1408 1016 1524 1051 ratio-

113 1084 202 1107 num
235 1072 536 1108 exc-luseramus.
576 1072 838 1107 brevissimam
871 1071 1166 1106 admonitionem
1203 1071 1305 1106 reive
1335 1071 1525 1117 significa-

114 1126 254 1162 tionem
290 1127 556 1162 interiecimus.
586 1126 687 1161 velut
718 1127 767 1162 ad
798 1126 939 1166 XLII,
973 1128 1036 1168 422
1070 1130 1080 1161 1
1121 1135 1269 1173 poterat
1301 1125 1391 1160 nihil
1423 1125 1524 1160 aliud

115 1193 228 1229 quam
261 1181 426 1217 indicato
457 1181 656 1217 Strabonis
692 1182 777 1216 loco
808 1181 1025 1229 significari,
1065 1193 1183 1228 prave
1214 1189 1248 1215 et
1279 1180 1343 1215 illo
1374 1180 1459 1215 loco
1490 1188 1526 1215 et

113 1248 145 1272 c.
180 1238 251 1278 67,
284 1240 305 1271 9
346 1248 414 1283 pro
455 1249 499 1271 ea
531 1236 692 1271 nominis
727 1236 864 1280 forma,
896 1248 1010 1283 quam
1042 1236 1164 1271 codex
1198 1235 1254 1270 bis
1284 1235 1399 1270 habet
1430 1235 1525 1281 (An-

114 1292 258 1337 trones),
289 1303 312 1327 a
340 1290 509 1339 Grynaeo
536 1291 777 1326 substitutam
811 1299 845 1326 et
877 1303 900 1326 a
933 1290 1086 1329 ceteris,
1119 1291 1232 1325 etiam
1263 1290 1436 1331 Hermio,
1466 1303 1526 1325 re-

114 1352 256 1381 tentam
298 1357 380 1381 esse
420 1359 524 1381 eam.
566 1358 650 1392 quae
689 1345 791 1393 apud
823 1346 1032 1381 Homerum
1065 1353 1101 1380 et
1132 1345 1309 1391 antiquos
1340 1345 1528 1392 reperitur

118 1400 313 1446 (Antroer
358 1400 405 1435 ad
437 1401 578 1437 XLII.
613 1402 674 1438 53,
707 1406 728 1434 ti
761 1401 878 1436 verbo
909 1400 1057 1436 caveri.
1092 1412 1138 1434 ne
1168 1408 1310 1434 temere
1340 1408 1524 1435 retentum

117 1467 138 1492 e
167 1454 297 1491 codice
337 1468 360 1490 a
399 1455 508 1490 nobis
551 1455 681 1501 primis
718 1455 911 1490 videretur
940 1455 1128 1502 Pythoum.
1190 1455 1248 1489 lix
1281 1454 1346 1489 iis.
1377 1467 1460 1500 quae
1489 1454 1526 1489 in

116 1510 422 1545 emendationum
466 1509 711 1545 Livianarum
759 1509 951 1544 volumine
1000 1521 1274 1556 posueramus,
1332 1520 1526 1556 perpauca

117 1572 183 1600 aut
213 1564 370 1600 aliorum
404 1565 548 1600 monitu
580 1572 644 1600 aut
682 1573 811 1599 nostra
844 1573 979 1611 sponte
1011 1564 1217 1599 abiecimus
1251 1571 1287 1598 et
1319 1563 1527 1599 omisimus.

117 1630 231 1666 quum
263 1627 329 1654 aut
358 1619 631 1654 dubitationem
665 1631 930 1654 amoveremus
961 1628 1046 1658 aut,
1082 1619 1247 1654 haerente
1278 1618 1526 1661 dubitatione,

117 1673 331 1721 corrigendi
370 1682 495 1709 tamen
536 1682 713 1709 conatum
758 1686 833 1709 non
875 1674 1125 1720 probaremus
1172 1682 1236 1708 aut
1279 1674 1437 1708 meliora
1478 1674 1526 1708 ab

118 1728 201 1764 aliis
243 1729 481 1764 nobismetve
522 1729 614 1776 ipsis
647 1729 801 1764 inventa
841 1737 977 1764 essent.
1041 1728 1190 1768 Cetera,
1223 1728 1325 1774 quod
1358 1736 1459 1763 recte
1491 1738 1527 1763 et

117 1795 207 1819 vere
236 1790 272 1819 et
303 1783 540 1819 considerate
569 1784 712 1830 scripta
742 1784 1025 1820 iudicabamus.
1058 1783 1258 1820 tenuimus.
1288 1783 1408 1818 etiam
1433 1795 1527 1818 non-

117 1838 232 1875 nulla.
263 1846 396 1873 contra
426 1851 511 1885 quae
545 1840 592 1873 ab
625 1838 706 1874 aliis
737 1851 858 1886 nuper
886 1838 947 1874 vel
977 1839 1115 1874 acriter
1144 1838 1376 1885 disputatum
1399 1838 1526 1873 novis-

117 1905 254 1928 semus
307 1893 411 1929 Nam
444 1906 558 1940 quum
593 1893 841 1940 complurium
874 1894 1068 1928 hominum
1090 1905 1159 1928 nec
1181 1900 1325 1927 tantum
1348 1892 1525 1928 iuvenum

117 1947 243 1982 studia
276 1947 325 1983 ad
357 1948 454 1983 Livii
485 1948 665 1983 librorum
695 1948 996 1983 emendationem
1021 1947 1240 1983 tentandam
1263 1948 1320 1983 his
1342 1947 1527 1994 proximis

119 2002 228 2037 annis
259 2002 513 2038 commovisse
544 2002 688 2041 videar,
719 2015 847 2037 eorum
880 2002 1062 2040 nonnulli.
1092 2012 1130 2037 ut
1162 2004 1214 2045 fit,
1245 2002 1414 2037 studiose
1444 2014 1528 2038 eos-

118 2056 201 2092 dem
233 2056 362 2096 locos,
406 2070 501 2104 quos
540 2069 611 2104 ego
642 2066 897 2092 tractaveram
931 2057 1172 2104 primusque,
1215 2057 1304 2102 quid
1344 2057 1527 2093 haberent

118 2111 365 2147 dubitationis
396 2111 720 2159 difficultatisque,
742 2112 996 2148 ostenderam.
1017 2111 1281 2147 retractandos
1301 2111 1372 2146 sibi
1395 2124 1528 2160 sump-

118 2173 267 2202 serunt.
310 2167 423 2202 etiam
454 2167 491 2202 in
522 2167 580 2203 his
612 2167 778 2214 quinque
808 2166 924 2202 libris.
985 2166 1097 2212 Quod
1130 2174 1169 2200 ut-
1199 2166 1401 2213 aliquoties
1432 2167 1528 2202 bene

118 2228 185 2257 aut-
214 2221 365 2268 egregie
392 2222 517 2266 cessit,
550 2222 602 2257 ita
634 2234 707 2256 non
739 2234 840 2262 raro,
872 2233 961 2257 vere
990 2230 1031 2256 ut
1060 2221 1197 2262 dit-am,
1227 2221 1317 2256 mihi
1340 2221 1527 2259 videntur.

120 2287 203 2322 quae
232 2283 333 2311 recte
363 2285 498 2312 curata
530 2285 666 2315 essent,
697 2276 887 2312 deteriora
914 2275 1059 2311 fecisse.
1111 2276 1246 2323 Itaque
1278 2284 1409 2311 nostra
1438 2276 1528 2312 sim-

118 2329 265 2377 pli‹·iter
295 2331 398 2366 tenui
428 2343 551 2378 neque
583 2343 682 2366 nunc
707 2331 834 2367 multis
864 2331 990 2366 verbis
1025 2331 1267 2378 expositurus
1298 2344 1403 2369 sum.
1437 2331 1527 2378 quid

119 2384 209 2420 mihi
239 2397 315 2420 non
343 2393 445 2421 reete
475 2386 700 2427 obiecerint,
747 2386 835 2432 quid
867 2386 939 2432 ipsi
969 2394 1034 2421 aut
1061 2399 1084 2421 a
1113 2386 1307 2421 sententiae
1336 2385 1463 2421 forma
1491 2395 1527 2421 et

117 2438 361 2475 inclinatione
382 2453 427 2475 ac
447 2452 651 2489 progressu
675 2449 741 2476 aut
772 2454 793 2475 a
823 2441 1025 2476 verborum
1050 2450 1154 2476 recto
1189 2453 1257 2475 usu
1287 2448 1322 2475 et
1345 2440 1527 2475 orationis

120 2492 422 2530 conformatione
452 2495 566 2542 (velut
597 2495 635 2530 in
665 2496 868 2530 verborum
893 2495 1038 2541 ordine)
1073 2503 1137 2538 ant
1168 2508 1191 2530 a
1221 2495 1391 2542 vestigiis
1422 2495 1527 2531 eodi-

120 2547 173 2583 cis
202 2560 291 2584 vere
320 2549 576 2585 coniectandis
618 2550 901 2593 aberraverint3
941 2562 1055 2586 unum
1095 2557 1131 2586 et
1161 2550 1319 2585 alterum
1352 2549 1528 2584 admoni-

120 2602 233 2638 tionis
269 2615 386 2639 causa
426 2604 463 2639 in
501 2612 720 2640 transcursu
751 2605 1011 2652 attingendum
1047 2605 1138 2647 erit;
1182 2617 1305 2652 neque
1335 2616 1402 2639 cur
1434 2603 1527 2639 alio-
