1753 2934
309 129 384 164 212
698 123 798 153 Liber
822 122 930 153 XLV.
983 121 1040 159 (A.
1070 131 1100 151 u.
1129 131 1157 151 c.
1186 120 1281 155 586.)

255 261 329 285 non
376 251 574 282 contentus
614 257 731 293 regno
768 244 1023 281 Macedoniae.
1064 243 1272 280 Dardanos
1306 242 1533 291 IHyriosque
1581 255 1649 292 op-

254 322 460 366 pugnasset
489 321 522 350 et
550 315 826 351 Bastarnarum
858 315 1059 351 excivisset
1089 313 1252 354 auxilia,
1298 313 1330 349 is
1366 319 1466 356 tuni,
1509 312 1650 348 amisso

255 386 441 423 exercitu.
475 385 637 420 extorris
666 397 806 433 regno.
855 385 891 421 in
921 396 1080 433 parvam
1111 383 1272 419 insulam
1302 383 1518 431 conpulsus,
1562 394 1652 431 sup-

257 457 345 505 plex
387 454 467 491 fani
495 455 696 503 religione,
736 468 811 491 non
841 455 984 491 viribus
1011 454 1088 489 suis
1117 459 1220 489 tutus
1249 459 1359 490 esset.
1442 452 1518 489 Sed
1548 458 1653 501 post-

257 538 369 574 quam
402 538 425 561 a
456 538 545 573 rege
576 526 694 562 Perse
724 525 867 561 consuli
898 525 1021 562 Paulo
1051 524 1209 560 salutem
1240 524 1343 572 legit,
1372 522 1653 559 miserationem

259 608 408 632 omnem
453 595 613 631 stultitia
657 595 868 643 ignorantis
911 594 1102 631 fortunam
1145 606 1251 629 suam
1287 593 1439 630 exemit.
1515 592 1654 640 Itaque

258 677 489 713 quamquam
537 665 575 700 in
615 665 762 712 reliqua
796 670 905 712 parte
944 664 1152 699 litterarum
1198 663 1350 699 minime
1380 663 1493 711 regiae
1524 673 1655 711 preces

259 742 389 772 erant..
423 743 550 770 tamen
581 734 660 770 sine
693 746 877 782 responso
908 746 952 770 ac
981 734 1062 770 sine
1090 733 1224 769 litteris
1254 746 1299 769 ea
1327 733 1468 781 legatio
1499 732 1657 768 dimissa

259 811 326 842 est.
391 804 517 841 Sensit
546 805 723 842 Perseus.
754 804 859 840 cuius
889 804 1051 840 nominis
1081 803 1376 839 obliviscendum
1407 803 1509 839 victo
1539 808 1654 846 esset;

258 876 387 923 itaque
424 874 551 910 alterae
588 874 742 912 litterae.
785 886 870 911 cum
914 875 1053 923 privati
1089 874 1251 910 nominis
1293 872 1401 909 titulo
1430 873 1573 916 missae,
1621 878 1658 908 et

258 945 401 994 petiere
440 952 476 980 et
505 945 780 992 impetravere,
825 951 866 980 ut
911 944 1026 992 aliqui
1063 945 1110 980 ad
1148 957 1232 980 eum
1271 943 1528 986 mitterentur,
1573 954 1657 978 cum

261 1015 396 1064 quibus
440 1015 543 1062 loqui
587 1016 633 1051 de
682 1021 781 1050 statu
838 1022 873 1052 et
917 1015 1139 1051 condicione
1181 1026 1259 1050 suae
1307 1013 1468 1049 fortunae
1517 1018 1658 1061 posset.

262 1086 371 1122 Missi
411 1093 497 1121 sunt
535 1093 609 1122 tres
640 1085 776 1133 legati.
821 1086 865 1122 P.
895 1085 1101 1128 Lentulus,
1151 1086 1200 1121 A.
1233 1083 1454 1121 Postumius
1482 1083 1659 1127 Albinus,

261 1158 312 1194 A.
343 1157 548 1193 Antonius.
628 1155 735 1192 Nihil
768 1168 814 1191 ea
842 1156 1031 1203 legatione
1061 1155 1269 1203 perfectum
1302 1162 1378 1198 est,
1423 1155 1565 1191 Perseo
1601 1164 1660 1188 re-

262 1226 364 1274 gium
396 1238 533 1262 nomen
568 1226 670 1261 omni
700 1225 737 1261 vi
759 1225 1021 1273 amplectente.
1051 1226 1186 1262 Paulo.
1219 1233 1259 1260 nt.
1288 1237 1328 1260 se
1357 1236 1503 1272 suaque
1532 1222 1662 1259 omnia

262 1297 300 1332 in
330 1296 441 1332 fidem
477 1302 513 1331 et
546 1295 784 1332 clementiam
815 1295 947 1344 populi
980 1295 1144 1331 Romani
1187 1295 1443 1343 permitteret,
1473 1293 1661 1330 tendente.

376 1367 477 1402 Dum
509 1367 583 1401 Izoec
623 1374 806 1413 aguntur.
851 1365 983 1401 classis
1014 1363 1084 1402 Cn.
1115 1364 1253 1402 Octavi
1285 1364 1575 1401 Samothracam
1606 1368 1664 1397 est

266 1436 438 1485 adpulsa.
503 1436 543 1472 Is
577 1448 750 1483 quoque,
791 1435 967 1484 praesenti
998 1435 1154 1471 admoto
1185 1441 1351 1478 terrore,
1397 1433 1510 1470 modo
1541 1432 1665 1476 minis,

266 1507 379 1543 modo
410 1518 477 1554 spe
506 1506 699 1554 perlicere.
728 1512 768 1542 ut
797 1519 837 1542 se
866 1506 1053 1548 traderet,
1083 1517 1161 1541 eum
1191 1511 1417 1549 conaretur,
1455 1503 1600 1540 adiuvit
1628 1503 1666 1539 in

265 1578 337 1613 ho(-
353 1590 437 1613 eum
455 1589 515 1613 res
530 1589 596 1612 seu
614 1589 703 1613 casu
727 1584 923 1613 contracta
939 1589 1004 1612 seu
1023 1575 1191 1612 consilio.
1258 1575 1302 1611 L.
1327 1574 1468 1612 Atilius
1500 1574 1668 1610 inlustris

267 1647 488 1683 adulescens
528 1659 612 1682 cum
656 1647 694 1682 in
725 1648 900 1683 contione
936 1658 1017 1683 esse
1049 1645 1230 1694 populum
1263 1644 1554 1682 Samothracum
1586 1644 1667 1680 ani-

267 1730 368 1753 mum
401 1717 650 1760 advertisset,
682 1729 706 1753 a
736 1717 1019 1765 magistratibus
1055 1716 1182 1764 petiit,
1227 1722 1267 1751 ut
1296 1715 1367 1751 sibi
1395 1715 1527 1764 paucis
1558 1712 1687 1750 adlo-v

269 1932 301 1967 3,
327 1936 346 1962 3
374 1938 603 1973 oppugnasset
627 1931 859 1961 bastarnarum
890 1928 962 1970 2119.
1011 1938 1015 1970 Ι
1066 1930 1185 1960 ciuisse
1215 1928 1313 1960 Gron.
1341 1927 1458 1970 (Gryn.
1485 1925 1634 1966 civisset)
1665 1923 1669 1963 l

270 1992 297 2021 is
325 2001 397 2021 cum
439 1993 456 2020 5
484 1990 602 2030 suplex
661 1988 694 2021 4,
726 1992 737 2018 l
768 1995 946 2028 postquam
974 1997 1050 2027 rege
1076 1996 1195 2027 persea
1220 1986 1348 2017 consuli
1376 1986 1465 2026 pauli
1497 1984 1568 2025 My.
1596 1983 1669 2015 Em.

271 2047 340 2079 594
378 2047 495 2089 (Gryn.
524 2052 704 2087 postquam
731 2055 845 2085 regem
870 2045 995 2076 Persea
1021 2045 1150 2076 consuli
1178 2044 1284 2075 Paulo
1306 2044 1361 2083 S.)
1423 2048 1441 2074 2
1468 2043 1591 2083 legitur
1638 2041 1672 2078 5,

273 2110 291 2137 2
318 2107 447 2137 minimi
473 2105 628 2144 aegrcgiae
653 2110 891 2145 praecesserant
955 2104 986 2140 6,
1018 2107 1029 2133 l
1062 2105 1170 2134 uictor
1238 2106 1256 2132 2
1284 2103 1422 2142 priuatis
1484 2101 1515 2136 7,
1545 2104 1556 2131 1
1586 2098 1675 2131 Folia·

273 2163 343 2195 150
368 2175 475 2204 mar-90
505 2162 612 2193 dexter
639 2161 781 2203 (payinoe
807 2160 968 2201 adversm)
995 2167 1023 2191 ot
1048 2161 1124 2191 iuius
1149 2161 1288 2191 abscisus
1312 2166 1371 2197 est,
1398 2170 1462 2200 qua
1486 2169 1518 2189 re
1544 2156 1672 2189 nonnul-

276 2221 372 2252 lorum
399 2232 538 2252 versuum
564 2227 707 2251 ellremoe
732 2219 840 2250 lilterae
865 2218 1103 2256 intercidernnt;
1136 2219 1179 2249 ita
1205 2217 1253 2248 hic
1277 2217 1441 2258 scriptum:
1469 2217 1559 2248 missi
1585 2226 1646 2248 sn.
1663 2239 1671 2247 .

275 2294 295 2322 3
321 2290 535 2331 amplectenti
586 2295 605 2319 4
632 2296 663 2320 et
690 2290 901 2320 clementiam
929 2296 1004 2330 etp.
1022 2276 1046 2319 f.
1074 2288 1264 2329 permittere
1291 2271 1342 2317 cle
1367 2287 1523 2317 tendente
1540 2285 1672 2328 KreysS.

277 2348 396 2389 (Gryn.
422 2349 639 2389 permitteret,
667 2348 904 2388 contendente)
953 2347 996 2385 V,
1014 2347 1044 2383 1,
1065 2350 1076 2376 l
1107 2347 1184 2376 dum
1211 2350 1355 2384 aguntur
1376 2345 1381 2384 l
1403 2344 1556 2375 octauius
1582 2353 1674 2374 amo-

277 2423 385 2448 tacam
416 2428 515 2458 supra
546 2427 566 2447 a
598 2417 713 2458 scripto
739 2427 754 2446 r
818 2420 836 2446 2
870 2416 1049 2457 praescntia
1113 2419 1132 2445 3
1164 2425 1222 2456 spe
1255 2414 1464 2456 permitteret
1489 2413 1548 2449 (H.
1574 2413 1675 2454 perli-

279 2477 384 2513 ceret)
401 2485 435 2506 se
460 2476 590 2506 tradere
616 2480 793 2506 conaretur
841 2479 859 2505 4
875 2484 947 2505 cum
974 2473 1029 2514 p(r
1045 2473 1060 2503 ἲ
1084 2484 1192 2515 mar-90
1218 2472 1373 2513 abscisus)
1401 2481 1458 2503 seu
1480 2472 1486 2511 1
1507 2482 1568 2503 suo
1594 2481 1675 2502 con-

279 2534 354 2566 silio
417 2532 458 2569 2,
490 2538 507 2563 2
536 2539 623 2564 esset
656 2531 661 2572 Ι
695 2538 935 2564 samon-acrum
962 2536 1088 2572 {septem
1118 2532 1228 2573 primoe
1257 2529 1365 2561 litterae
1389 2530 1525 2561 obscwoe
1549 2535 1579 2560 et
1601 2540 1675 2560 eva-

280 2590 378 2630 nidae)
418 2590 422 2630 Ι
466 2592 611 2621 animum
639 2591 903 2622 aducrsossedad
929 2590 1185 2629 magistratibus
1211 2588 1336 2629 (litteroe
1361 2588 1502 2619 ossedad
1523 2586 1676 2627 obscurae)

280 2651 363 2692 petit
411 2652 429 2679 3
456 2648 495 2679 1η.
519 2650 635 2690 paucis
661 2648 768 2679 litterae
794 2649 940 2680 obscurae.
