<?xml version="1.0" encoding="UTF-8"?>
<!DOCTYPE html PUBLIC "-//W3C//DTD XHTML 1.0 Transitional//EN"
    "http://www.w3.org/TR/xhtml1/DTD/xhtml1-transitional.dtd">
<html xmlns="http://www.w3.org/1999/xhtml" xml:lang="en" lang="en">
 <head>
  <title>
</title>
<meta http-equiv="Content-Type" content="text/html;charset=utf-8" />
  <meta name='ocr-system' content='tesseract 3.04.00' />
  <meta name='ocr-capabilities' content='ocr_page ocr_carea ocr_par ocr_line ocrx_word'/>
</head>
<body>
  <div class='ocr_page' id='page_1' title='image "./p1historiarumrom04livyuoft_0323.png"; bbox 0 0 1753 2934; ppageno 0'>
   <div class='ocr_carea' id='block_1_1' title="bbox 783 128 838 154">
    <p class='ocr_par' dir='ltr' id='par_1_1' title="bbox 783 128 838 154">
     <span class='ocr_line' id='line_1_1' title="bbox 783 128 838 154; baseline -0.018 0"><span class='ocrx_word' id='word_1_1' title='bbox 783 128 838 154; x_wconf 76' lang='lat' dir='ltr'>XV</span> 
     </span>
    </p>
   </div>
   <div class='ocr_carea' id='block_1_2' title="bbox 218 247 1423 296">
    <p class='ocr_par' dir='ltr' id='par_1_2' title="bbox 218 247 1423 296">
     <span class='ocr_line' id='line_1_2' title="bbox 218 247 1423 296; baseline -0.001 -10"><span class='ocrx_word' id='word_1_2' title='bbox 218 250 279 286; x_wconf 88' lang='lat' dir='ltr'>De</span> <span class='ocrx_word' id='word_1_3' title='bbox 310 249 383 293; x_wconf 91' lang='grc' dir='ltr'>ΙΙΙ,</span> <span class='ocrx_word' id='word_1_4' title='bbox 416 251 450 293; x_wconf 94' lang='grc'>7,</span> <span class='ocrx_word' id='word_1_5' title='bbox 485 251 505 284; x_wconf 87' lang='lat'>5</span> <span class='ocrx_word' id='word_1_6' title='bbox 538 254 575 284; x_wconf 83' lang='lat' dir='ltr'>et</span> <span class='ocrx_word' id='word_1_7' title='bbox 607 249 642 292; x_wconf 90' lang='lat'>8,</span> <span class='ocrx_word' id='word_1_8' title='bbox 676 251 695 284; x_wconf 92' lang='lat'><strong>7</strong></span> <span class='ocrx_word' id='word_1_9' title='bbox 729 255 765 283; x_wconf 85' lang='lat' dir='ltr'>et</span> <span class='ocrx_word' id='word_1_10' title='bbox 796 248 859 292; x_wconf 83' lang='grc'>24,</span> <span class='ocrx_word' id='word_1_11' title='bbox 892 250 913 284; x_wconf 84' lang='grc'><strong>5</strong></span> <span class='ocrx_word' id='word_1_12' title='bbox 945 247 1020 284; x_wconf 85' lang='lat' dir='ltr'>vid.</span> <span class='ocrx_word' id='word_1_13' title='bbox 1052 247 1154 296; x_wconf 83' lang='lat' dir='ltr'>praef.</span> <span class='ocrx_word' id='word_1_14' title='bbox 1187 248 1217 291; x_wconf 93' lang='grc' dir='ltr'>Ι,</span> <span class='ocrx_word' id='word_1_15' title='bbox 1249 249 1269 284; x_wconf 89' lang='grc'>2</span> <span class='ocrx_word' id='word_1_16' title='bbox 1302 261 1339 296; x_wconf 89' lang='lat' dir='ltr'>p.</span> <span class='ocrx_word' id='word_1_17' title='bbox 1359 247 1423 285; x_wconf 91' lang='lat' dir='ltr'>IV.</span> 
     </span>
    </p>
   </div>
   <div class='ocr_carea' id='block_1_3' title="bbox 102 318 1513 973">
    <p class='ocr_par' dir='ltr' id='par_1_3' title="bbox 102 318 1513 973">
     <span class='ocr_line' id='line_1_3' title="bbox 218 318 1512 367; baseline -0.001 -11"><span class='ocrx_word' id='word_1_18' title='bbox 218 320 292 362; x_wconf 86' lang='lat' dir='ltr'>III,</span> <span class='ocrx_word' id='word_1_19' title='bbox 337 322 394 362; x_wconf 84' lang='grc'>16,</span> <span class='ocrx_word' id='word_1_20' title='bbox 428 322 447 354; x_wconf 84' lang='grc'>4</span> <span class='ocrx_word' id='word_1_21' title='bbox 477 330 632 367; x_wconf 86' lang='lat' dir='ltr'>prorsus</span> <span class='ocrx_word' id='word_1_22' title='bbox 666 318 816 366; x_wconf 80' lang='lat' dir='ltr'>egregie</span> <span class='ocrx_word' id='word_1_23' title='bbox 847 318 1147 354; x_wconf 86' lang='lat' dir='ltr'>Forcbhammer</span> <span class='ocrx_word' id='word_1_24' title='bbox 1185 318 1238 364; x_wconf 66' lang='lat' dir='ltr'>(in</span> <span class='ocrx_word' id='word_1_25' title='bbox 1269 318 1512 366; x_wconf 87' lang='lat' dir='ltr'>Ephemerid.</span> 
     </span>
     <span class='ocr_line' id='line_1_4' title="bbox 108 373 1510 423; baseline -0.001 -11"><span class='ocrx_word' id='word_1_26' title='bbox 108 375 300 423; x_wconf 83' lang='lat' dir='ltr'>Philolog.</span> <span class='ocrx_word' id='word_1_27' title='bbox 316 373 463 410; x_wconf 86' lang='lat' dir='ltr'>Danice</span> <span class='ocrx_word' id='word_1_28' title='bbox 479 374 664 409; x_wconf 83' lang='lat' dir='ltr'>editarum</span> <span class='ocrx_word' id='word_1_29' title='bbox 684 373 758 408; x_wconf 86' lang='lat' dir='ltr'>vol.</span> <span class='ocrx_word' id='word_1_30' title='bbox 776 373 814 409; x_wconf 93' lang='grc' dir='ltr'>ΙΙ</span> <span class='ocrx_word' id='word_1_31' title='bbox 832 385 865 420; x_wconf 84' lang='lat' dir='ltr'>p.</span> <span class='ocrx_word' id='word_1_32' title='bbox 882 373 977 421; x_wconf 82' lang='grc'>267)</span> <span class='ocrx_word' id='word_1_33' title='bbox 995 386 1041 408; x_wconf 81' lang='lat' dir='ltr'>ex</span> <span class='ocrx_word' id='word_1_34' title='bbox 1059 382 1238 421; x_wconf 82' lang='lat' dir='ltr'>corrupta</span> <span class='ocrx_word' id='word_1_35' title='bbox 1254 374 1324 410; x_wconf 79' lang='lat' dir='ltr'>hac</span> <span class='ocrx_word' id='word_1_36' title='bbox 1340 374 1510 410; x_wconf 86' lang='lat' dir='ltr'>codicum</span> 
     </span>
     <span class='ocr_line' id='line_1_5' title="bbox 107 429 1509 478; baseline -0.002 -11"><span class='ocrx_word' id='word_1_37' title='bbox 107 431 316 478; x_wconf 85' lang='lat' dir='ltr'>scriptura:</span> <span class='ocrx_word' id='word_1_38' title='bbox 346 435 565 464; x_wconf 75' lang='lat' dir='ltr'>mansuetum</span> <span class='ocrx_word' id='word_1_39' title='bbox 595 429 634 464; x_wconf 75' lang='lat' dir='ltr'>id</span> <span class='ocrx_word' id='word_1_40' title='bbox 665 429 798 463; x_wconf 76' lang='lat' dir='ltr'>malum</span> <span class='ocrx_word' id='word_1_41' title='bbox 828 434 860 463; x_wconf 78' lang='lat' dir='ltr'>et</span> <span class='ocrx_word' id='word_1_42' title='bbox 886 440 953 475; x_wconf 82' lang='lat' dir='ltr'>per</span> <span class='ocrx_word' id='word_1_43' title='bbox 982 429 1136 463; x_wconf 79' lang='lat' dir='ltr'>aliorum</span> <span class='ocrx_word' id='word_1_44' title='bbox 1163 431 1311 476; x_wconf 75' lang='lat' dir='ltr'>quietem</span> <span class='ocrx_word' id='word_1_45' title='bbox 1334 430 1509 464; x_wconf 75' lang='lat' dir='ltr'>malorum</span> 
     </span>
     <span class='ocr_line' id='line_1_6' title="bbox 109 484 1513 533; baseline -0.002 -11"><span class='ocrx_word' id='word_1_46' title='bbox 109 497 247 533; x_wconf 79' lang='lat' dir='ltr'>semper</span> <span class='ocrx_word' id='word_1_47' title='bbox 275 485 435 520; x_wconf 63' lang='lat' dir='ltr'>emoriens</span> <span class='ocrx_word' id='word_1_48' title='bbox 466 490 608 531; x_wconf 77' lang='lat' dir='ltr'>tumque</span> <span class='ocrx_word' id='word_1_49' title='bbox 637 495 711 519; x_wconf 75' lang='lat' dir='ltr'>esse</span> <span class='ocrx_word' id='word_1_50' title='bbox 746 485 938 531; x_wconf 71' lang='lat' dir='ltr'>pereqrino</span> <span class='ocrx_word' id='word_1_51' title='bbox 978 485 1101 519; x_wconf 79' lang='lat' dir='ltr'>timore</span> <span class='ocrx_word' id='word_1_52' title='bbox 1135 486 1287 531; x_wconf 75' lang='lat' dir='ltr'>sopitum</span> <span class='ocrx_word' id='word_1_53' title='bbox 1324 484 1513 520; x_wconf 75' lang='lat' dir='ltr'>videbatur</span> 
     </span>
     <span class='ocr_line' id='line_1_7' title="bbox 106 537 1508 588; baseline -0.001 -12"><span class='ocrx_word' id='word_1_54' title='bbox 106 541 192 588; x_wconf 89' lang='lat' dir='ltr'>(pro</span> <span class='ocrx_word' id='word_1_55' title='bbox 227 551 303 586; x_wconf 81' lang='lat' dir='ltr'>qua</span> <span class='ocrx_word' id='word_1_56' title='bbox 338 546 377 574; x_wconf 88' lang='lat' dir='ltr'>ut</span> <span class='ocrx_word' id='word_1_57' title='bbox 409 539 537 586; x_wconf 77' lang='lat' dir='ltr'>aliqua</span> <span class='ocrx_word' id='word_1_58' title='bbox 575 538 762 574; x_wconf 83' lang='lat' dir='ltr'>sententia</span> <span class='ocrx_word' id='word_1_59' title='bbox 800 546 835 573; x_wconf 82' lang='lat' dir='ltr'>et</span> <span class='ocrx_word' id='word_1_60' title='bbox 877 538 1059 574; x_wconf 85' lang='lat' dir='ltr'>orationis</span> <span class='ocrx_word' id='word_1_61' title='bbox 1098 537 1222 574; x_wconf 86' lang='lat' dir='ltr'>forma</span> <span class='ocrx_word' id='word_1_62' title='bbox 1263 548 1380 580; x_wconf 78' lang='lat' dir='ltr'>esset,</span> <span class='ocrx_word' id='word_1_63' title='bbox 1425 551 1508 575; x_wconf 90' lang='lat' dir='ltr'>cum</span> 
     </span>
     <span class='ocr_line' id='line_1_8' title="bbox 106 593 1508 643; baseline -0.001 -11"><span class='ocrx_word' id='word_1_64' title='bbox 106 595 330 643; x_wconf 84' lang='lat' dir='ltr'>Kreyssigio</span> <span class='ocrx_word' id='word_1_65' title='bbox 362 600 434 629; x_wconf 76' lang='lat' dir='ltr'>tum</span> <span class='ocrx_word' id='word_1_66' title='bbox 464 606 603 642; x_wconf 77' lang='lat' dir='ltr'>quoque</span> <span class='ocrx_word' id='word_1_67' title='bbox 633 606 707 629; x_wconf 82' lang='lat' dir='ltr'>esse</span> <span class='ocrx_word' id='word_1_68' title='bbox 746 593 982 641; x_wconf 76' lang='lat' dir='ltr'>scripsimus,</span> <span class='ocrx_word' id='word_1_69' title='bbox 1023 593 1060 628; x_wconf 89' lang='lat' dir='ltr'>in</span> <span class='ocrx_word' id='word_1_70' title='bbox 1100 594 1255 629; x_wconf 88' lang='lat' dir='ltr'>verbum</span> <span class='ocrx_word' id='word_1_71' title='bbox 1287 607 1361 630; x_wconf 77' lang='lat' dir='ltr'>esse</span> <span class='ocrx_word' id='word_1_72' title='bbox 1391 607 1508 642; x_wconf 86' lang='lat' dir='ltr'>prave</span> 
     </span>
     <span class='ocr_line' id='line_1_9' title="bbox 107 648 1513 696; baseline 0 -11"><span class='ocrx_word' id='word_1_73' title='bbox 107 650 350 686; x_wconf 79' lang='lat' dir='ltr'>incumbente</span> <span class='ocrx_word' id='word_1_74' title='bbox 381 649 564 696; x_wconf 78' lang='lat' dir='ltr'>pondere)</span> <span class='ocrx_word' id='word_1_75' title='bbox 603 662 678 684; x_wconf 87' lang='lat' dir='ltr'>una</span> <span class='ocrx_word' id='word_1_76' title='bbox 707 648 832 684; x_wconf 82' lang='lat' dir='ltr'>littera</span> <span class='ocrx_word' id='word_1_77' title='bbox 861 656 1006 684; x_wconf 83' lang='lat' dir='ltr'>mutata</span> <span class='ocrx_word' id='word_1_78' title='bbox 1033 648 1148 684; x_wconf 87' lang='lat' dir='ltr'>eruit:</span> <span class='ocrx_word' id='word_1_79' title='bbox 1187 662 1232 684; x_wconf 86' lang='lat' dir='ltr'>m.</span> <span class='ocrx_word' id='word_1_80' title='bbox 1265 651 1286 685; x_wconf 84' lang='lat' dir='ltr'>i.</span> <span class='ocrx_word' id='word_1_81' title='bbox 1317 650 1451 685; x_wconf 80' lang='lat' dir='ltr'>malum</span> <span class='ocrx_word' id='word_1_82' title='bbox 1481 656 1513 685; x_wconf 70' lang='lat' dir='ltr'>et</span> 
     </span>
     <span class='ocr_line' id='line_1_10' title="bbox 102 705 1509 753; baseline 0 -12"><span class='ocrx_word' id='word_1_83' title='bbox 102 717 174 753; x_wconf 80' lang='lat' dir='ltr'>per</span> <span class='ocrx_word' id='word_1_84' title='bbox 202 705 252 742; x_wconf 86' lang='grc' dir='ltr'>αἰ.</span> <span class='ocrx_word' id='word_1_85' title='bbox 285 706 433 751; x_wconf 74' lang='lat' dir='ltr'>quietem</span> <span class='ocrx_word' id='word_1_86' title='bbox 464 705 547 740; x_wconf 78' lang='lat' dir='ltr'>mal.</span> <span class='ocrx_word' id='word_1_87' title='bbox 580 716 717 752; x_wconf 74' lang='lat' dir='ltr'>semper</span> <span class='ocrx_word' id='word_1_88' title='bbox 756 705 914 739; x_wconf 61' lang='lat' dir='ltr'>emoriens</span> <span class='ocrx_word' id='word_1_89' title='bbox 955 710 1040 739; x_wconf 76' lang='lat' dir='ltr'>tum</span> <span class='ocrx_word' id='word_1_90' title='bbox 1071 705 1270 751; x_wconf 78' lang='lat' dir='ltr'>quiesse,</span> <span class='ocrx_word' id='word_1_91' title='bbox 1309 717 1453 752; x_wconf 61' lang='lat' dir='ltr'>peregi:</span> <span class='ocrx_word' id='word_1_92' title='bbox 1487 711 1509 741; x_wconf 82' lang='lat' dir='ltr'>t.</span> 
     </span>
     <span class='ocr_line' id='line_1_11' title="bbox 104 758 1510 808; baseline 0 -12"><span class='ocrx_word' id='word_1_93' title='bbox 104 761 269 808; x_wconf 75' lang='lat' dir='ltr'>sopitum,</span> <span class='ocrx_word' id='word_1_94' title='bbox 286 759 361 798; x_wconf 80' lang='lat' dir='ltr'>vicl.</span> <span class='ocrx_word' id='word_1_95' title='bbox 421 759 643 795; x_wconf 72' lang='lat' dir='ltr'>Rectissime</span> <span class='ocrx_word' id='word_1_96' title='bbox 665 759 762 794; x_wconf 84' lang='lat' dir='ltr'>iuter</span> <span class='ocrx_word' id='word_1_97' title='bbox 777 770 817 794; x_wconf 86' lang='lat' dir='ltr'>se</span> <span class='ocrx_word' id='word_1_98' title='bbox 833 759 912 794; x_wconf 88' lang='lat' dir='ltr'>haec</span> <span class='ocrx_word' id='word_1_99' title='bbox 933 758 1158 801; x_wconf 85' lang='lat' dir='ltr'>referuntur,</span> <span class='ocrx_word' id='word_1_100' title='bbox 1180 760 1312 795; x_wconf 75' lang='lat' dir='ltr'>malum</span> <span class='ocrx_word' id='word_1_101' title='bbox 1333 772 1401 808; x_wconf 84' lang='lat' dir='ltr'>pel·</span> <span class='ocrx_word' id='word_1_102' title='bbox 1417 760 1510 796; x_wconf 84' lang='lat' dir='ltr'>alio-</span> 
     </span>
     <span class='ocr_line' id='line_1_12' title="bbox 104 812 1509 861; baseline 0 -10"><span class='ocrx_word' id='word_1_103' title='bbox 104 827 187 851; x_wconf 90' lang='lat' dir='ltr'>rum</span> <span class='ocrx_word' id='word_1_104' title='bbox 233 814 396 861; x_wconf 85' lang='lat' dir='ltr'>quietem</span> <span class='ocrx_word' id='word_1_105' title='bbox 446 815 619 850; x_wconf 82' lang='lat' dir='ltr'>exoriens</span> <span class='ocrx_word' id='word_1_106' title='bbox 668 826 765 849; x_wconf 86' lang='lat' dir='ltr'>nunc</span> <span class='ocrx_word' id='word_1_107' title='bbox 805 812 961 861; x_wconf 84' lang='lat' dir='ltr'>(ipsum)</span> <span class='ocrx_word' id='word_1_108' title='bbox 1017 814 1165 861; x_wconf 81' lang='lat' dir='ltr'>quiesse</span> <span class='ocrx_word' id='word_1_109' title='bbox 1213 814 1295 850; x_wconf 82' lang='lat' dir='ltr'>aliis</span> <span class='ocrx_word' id='word_1_110' title='bbox 1337 815 1509 851; x_wconf 80' lang='lat' dir='ltr'>turbatis.</span> 
     </span>
     <span class='ocr_line' id='line_1_13' title="bbox 104 869 1508 916; baseline 0 -10"><span class='ocrx_word' id='word_1_111' title='bbox 104 871 278 907; x_wconf 81' lang='lat' dir='ltr'>Accedat</span> <span class='ocrx_word' id='word_1_112' title='bbox 314 869 427 916; x_wconf 85' lang='lat' dir='ltr'>igitur</span> <span class='ocrx_word' id='word_1_113' title='bbox 464 870 534 905; x_wconf 89' lang='lat' dir='ltr'>hoc</span> <span class='ocrx_word' id='word_1_114' title='bbox 565 869 778 916; x_wconf 89' lang='lat' dir='ltr'>exemplum</span> <span class='ocrx_word' id='word_1_115' title='bbox 813 869 946 904; x_wconf 85' lang='lat' dir='ltr'>ceteris</span> <span class='ocrx_word' id='word_1_116' title='bbox 980 869 1085 904; x_wconf 86' lang='lat' dir='ltr'>verbi</span> <span class='ocrx_word' id='word_1_117' title='bbox 1117 871 1234 916; x_wconf 74' lang='lat' dir='ltr'>quievi</span> <span class='ocrx_word' id='word_1_118' title='bbox 1268 877 1304 905; x_wconf 89' lang='lat' dir='ltr'>et</span> <span class='ocrx_word' id='word_1_119' title='bbox 1333 870 1508 906; x_wconf 81' lang='lat' dir='ltr'>adiectivi</span> 
     </span>
     <span class='ocr_line' id='line_1_14' title="bbox 105 924 1510 973; baseline 0.001 -13"><span class='ocrx_word' id='word_1_120' title='bbox 105 927 245 973; x_wconf 77' lang='lat' dir='ltr'>quietus</span> <span class='ocrx_word' id='word_1_121' title='bbox 275 924 519 960; x_wconf 75' lang='lat' dir='ltr'>distractione</span> <span class='ocrx_word' id='word_1_122' title='bbox 549 924 758 960; x_wconf 84' lang='lat' dir='ltr'>litterarum</span> <span class='ocrx_word' id='word_1_123' title='bbox 791 931 1068 972; x_wconf 87' lang='lat' dir='ltr'>corruptorum,</span> <span class='ocrx_word' id='word_1_124' title='bbox 1107 936 1189 971; x_wconf 89' lang='lat' dir='ltr'>quae</span> <span class='ocrx_word' id='word_1_125' title='bbox 1220 925 1256 960; x_wconf 94' lang='lat' dir='ltr'>in</span> <span class='ocrx_word' id='word_1_126' title='bbox 1287 925 1510 973; x_wconf 83' lang='lat' dir='ltr'>praefatione</span> 
     </span>
    </p>
   </div>
   <div class='ocr_carea' id='block_1_4' title="bbox 103 979 760 1027">
    <p class='ocr_par' dir='ltr' id='par_1_4' title="bbox 103 979 760 1027">
     <span class='ocr_line' id='line_1_15' title="bbox 103 979 760 1027; baseline -0.002 -11"><span class='ocrx_word' id='word_1_127' title='bbox 103 979 178 1016; x_wconf 90' lang='lat' dir='ltr'>vol.</span> <span class='ocrx_word' id='word_1_128' title='bbox 212 979 278 1021; x_wconf 74' lang='lat' dir='ltr'>IV,</span> <span class='ocrx_word' id='word_1_129' title='bbox 316 983 324 1015; x_wconf 91' lang='grc'>1</span> <span class='ocrx_word' id='word_1_130' title='bbox 365 992 399 1027; x_wconf 91' lang='lat' dir='ltr'>p.</span> <span class='ocrx_word' id='word_1_131' title='bbox 427 980 521 1016; x_wconf 89' lang='lat' dir='ltr'>XIII</span> <span class='ocrx_word' id='word_1_132' title='bbox 553 980 760 1027; x_wconf 81' lang='lat' dir='ltr'>posuimus.</span> 
     </span>
    </p>
   </div>
   <div class='ocr_carea' id='block_1_5' title="bbox 96 1048 1511 2145">
    <p class='ocr_par' dir='ltr' id='par_1_5' title="bbox 102 1048 1511 1363">
     <span class='ocr_line' id='line_1_16' title="bbox 215 1048 1511 1091; baseline 0.002 -6"><span class='ocrx_word' id='word_1_133' title='bbox 215 1049 288 1086; x_wconf 84' lang='lat' dir='ltr'>III.</span> <span class='ocrx_word' id='word_1_134' title='bbox 322 1052 384 1089; x_wconf 86' lang='grc'>67,</span> <span class='ocrx_word' id='word_1_135' title='bbox 421 1052 478 1088; x_wconf 83' lang='grc'>11,</span> <span class='ocrx_word' id='word_1_136' title='bbox 509 1049 572 1085; x_wconf 90' lang='lat' dir='ltr'>ubi</span> <span class='ocrx_word' id='word_1_137' title='bbox 591 1049 742 1084; x_wconf 76' lang='lat' dir='ltr'>vidimus</span> <span class='ocrx_word' id='word_1_138' title='bbox 763 1048 917 1083; x_wconf 77' lang='lat' dir='ltr'><strong>subesse</strong></span> <span class='ocrx_word' id='word_1_139' title='bbox 933 1048 1101 1084; x_wconf 82' lang='lat' dir='ltr'>Welzius</span> <span class='ocrx_word' id='word_1_140' title='bbox 1130 1049 1379 1091; x_wconf 74' lang='lat' dir='ltr'>intellexerat,</span> <span class='ocrx_word' id='word_1_141' title='bbox 1410 1058 1511 1087; x_wconf 85' lang='lat' dir='ltr'>recte</span> 
     </span>
     <span class='ocr_line' id='line_1_17' title="bbox 103 1103 1510 1154; baseline 0.001 -14"><span class='ocrx_word' id='word_1_142' title='bbox 103 1104 405 1140; x_wconf 75' lang='lat' dir='ltr'>Forchhammer</span> <span class='ocrx_word' id='word_1_143' title='bbox 434 1104 558 1140; x_wconf 81' lang='lat' dir='ltr'>littera</span> <span class='ocrx_word' id='word_1_144' title='bbox 591 1117 613 1151; x_wconf 87' lang='lat' dir='ltr'><em>q</em></span> <span class='ocrx_word' id='word_1_145' title='bbox 642 1115 798 1152; x_wconf 82' lang='lat' dir='ltr'>prorsus</span> <span class='ocrx_word' id='word_1_146' title='bbox 828 1103 978 1139; x_wconf 82' lang='lat' dir='ltr'>sublata</span> <span class='ocrx_word' id='word_1_147' title='bbox 1008 1104 1121 1140; x_wconf 83' lang='lat' dir='ltr'><strong>scribi</strong></span> <span class='ocrx_word' id='word_1_148' title='bbox 1151 1105 1271 1141; x_wconf 84' lang='lat' dir='ltr'>iubet:</span> <span class='ocrx_word' id='word_1_149' title='bbox 1318 1106 1510 1154; x_wconf 65' lang='lat' dir='ltr'>Esquilias</span> 
     </span>
     <span class='ocr_line' id='line_1_18' title="bbox 102 1158 1509 1207; baseline 0.003 -13"><span class='ocrx_word' id='word_1_150' title='bbox 102 1160 257 1195; x_wconf 78' lang='lat' dir='ltr'>vidimus</span> <span class='ocrx_word' id='word_1_151' title='bbox 299 1160 345 1195; x_wconf 88' lang='lat' dir='ltr'>ab</span> <span class='ocrx_word' id='word_1_152' title='bbox 387 1160 484 1195; x_wconf 77' lang='lat' dir='ltr'>hoste</span> <span class='ocrx_word' id='word_1_153' title='bbox 510 1171 624 1207; x_wconf 76' lang='lat' dir='ltr'>prope</span> <span class='ocrx_word' id='word_1_154' title='bbox 653 1165 780 1206; x_wconf 77' lang='lat' dir='ltr'>captas</span> <span class='ocrx_word' id='word_1_155' title='bbox 817 1165 850 1194; x_wconf 78' lang='lat' dir='ltr'>et</span> <span class='ocrx_word' id='word_1_156' title='bbox 891 1158 1115 1195; x_wconf 79' lang='lat' dir='ltr'>scandentem</span> <span class='ocrx_word' id='word_1_157' title='bbox 1151 1162 1186 1195; x_wconf 79' lang='lat' dir='ltr'>in</span> <span class='ocrx_word' id='word_1_158' title='bbox 1223 1173 1388 1207; x_wconf 69' lang='lat' dir='ltr'>ctqyerem</span> <span class='ocrx_word' id='word_1_159' title='bbox 1426 1161 1509 1198; x_wconf 79' lang='lat' dir='ltr'>Vol-</span> 
     </span>
     <span class='ocr_line' id='line_1_19' title="bbox 103 1214 1509 1258; baseline 0.002 -8"><span class='ocrx_word' id='word_1_160' title='bbox 103 1226 214 1250; x_wconf 81' lang='lat' dir='ltr'>scum.</span> <span class='ocrx_word' id='word_1_161' title='bbox 273 1214 421 1250; x_wconf 72' lang='lat' dir='ltr'>Hostem</span> <span class='ocrx_word' id='word_1_162' title='bbox 451 1227 549 1249; x_wconf 76' lang='lat' dir='ltr'>nemo</span> <span class='ocrx_word' id='word_1_163' title='bbox 579 1216 785 1251; x_wconf 74' lang='lat' dir='ltr'>summovit.-</span> <span class='ocrx_word' id='word_1_164' title='bbox 831 1216 865 1249; x_wconf 77' lang='lat' dir='ltr'>in</span> <span class='ocrx_word' id='word_1_165' title='bbox 895 1227 958 1249; x_wconf 75' lang='lat'><em>7103</em></span> <span class='ocrx_word' id='word_1_166' title='bbox 988 1215 1067 1258; x_wconf 75' lang='lat' dir='ltr'>viri,</span> <span class='ocrx_word' id='word_1_167' title='bbox 1098 1216 1132 1250; x_wconf 78' lang='lat' dir='ltr'>in</span> <span class='ocrx_word' id='word_1_168' title='bbox 1162 1228 1224 1251; x_wconf 80' lang='lat' dir='ltr'>nos</span> <span class='ocrx_word' id='word_1_169' title='bbox 1253 1218 1387 1252; x_wconf 70' lang='lat' dir='ltr'>armati</span> <span class='ocrx_word' id='word_1_170' title='bbox 1415 1218 1509 1253; x_wconf 76' lang='lat' dir='ltr'>estis.</span> 
     </span>
     <span class='ocr_line' id='line_1_20' title="bbox 103 1268 1511 1317; baseline 0.001 -10"><span class='ocrx_word' id='word_1_171' title='bbox 103 1268 166 1307; x_wconf 84' lang='lat' dir='ltr'>Sic</span> <span class='ocrx_word' id='word_1_172' title='bbox 183 1270 279 1305; x_wconf 90' lang='lat' dir='ltr'>enim</span> <span class='ocrx_word' id='word_1_173' title='bbox 304 1270 382 1305; x_wconf 83' lang='lat' dir='ltr'>haec</span> <span class='ocrx_word' id='word_1_174' title='bbox 400 1270 586 1306; x_wconf 86' lang='lat' dir='ltr'>cohaereut</span> <span class='ocrx_word' id='word_1_175' title='bbox 609 1276 991 1317; x_wconf 84' lang='lat' dir='ltr'>superponunturque</span> <span class='ocrx_word' id='word_1_176' title='bbox 1011 1271 1290 1317; x_wconf 83' lang='lat' dir='ltr'>superioribus:</span> <span class='ocrx_word' id='word_1_177' title='bbox 1322 1272 1511 1309; x_wconf 74' lang='lat' dir='ltr'>Adversus</span> 
     </span>
     <span class='ocr_line' id='line_1_21' title="bbox 102 1323 1506 1363; baseline 0.002 -3"><span class='ocrx_word' id='word_1_178' title='bbox 102 1337 166 1360; x_wconf 78' lang='lat' dir='ltr'>nos</span> <span class='ocrx_word' id='word_1_179' title='bbox 199 1346 245 1351; x_wconf 87' lang='lat'>--</span> <span class='ocrx_word' id='word_1_180' title='bbox 277 1337 386 1360; x_wconf 81' lang='lat' dir='ltr'>mons.</span> <span class='ocrx_word' id='word_1_181' title='bbox 459 1325 661 1360; x_wconf 77' lang='lat' dir='ltr'>Contraria</span> <span class='ocrx_word' id='word_1_182' title='bbox 701 1325 798 1360; x_wconf 86' lang='lat' dir='ltr'>inter</span> <span class='ocrx_word' id='word_1_183' title='bbox 827 1336 867 1360; x_wconf 87' lang='lat' dir='ltr'>se</span> <span class='ocrx_word' id='word_1_184' title='bbox 896 1323 1111 1361; x_wconf 81' lang='lat' dir='ltr'>referuntur</span> <span class='ocrx_word' id='word_1_185' title='bbox 1140 1326 1273 1361; x_wconf 74' lang='lat' dir='ltr'>hostem</span> <span class='ocrx_word' id='word_1_186' title='bbox 1303 1334 1339 1362; x_wconf 81' lang='lat' dir='ltr'>et</span> <span class='ocrx_word' id='word_1_187' title='bbox 1369 1329 1403 1362; x_wconf 79' lang='lat' dir='ltr'>in</span> <span class='ocrx_word' id='word_1_188' title='bbox 1432 1340 1506 1363; x_wconf 81' lang='lat' dir='ltr'>nos.</span> 
     </span>
    </p>

    <p class='ocr_par' dir='ltr' id='par_1_6' title="bbox 102 1379 1508 1538">
     <span class='ocr_line' id='line_1_22' title="bbox 215 1379 1505 1429; baseline 0.003 -14"><span class='ocrx_word' id='word_1_189' title='bbox 215 1380 274 1415; x_wconf 90' lang='lat' dir='ltr'>De</span> <span class='ocrx_word' id='word_1_190' title='bbox 292 1380 340 1423; x_wconf 88' lang='lat' dir='ltr'>V,</span> <span class='ocrx_word' id='word_1_191' title='bbox 362 1383 423 1420; x_wconf 68' lang='lat'>⁴4,</span> <span class='ocrx_word' id='word_1_192' title='bbox 447 1383 465 1415; x_wconf 89' lang='lat'><strong>7</strong></span> <span class='ocrx_word' id='word_1_193' title='bbox 485 1387 521 1415; x_wconf 83' lang='lat' dir='ltr'>et</span> <span class='ocrx_word' id='word_1_194' title='bbox 545 1383 606 1420; x_wconf 74' lang='lat'>55,</span> <span class='ocrx_word' id='word_1_195' title='bbox 645 1383 653 1415; x_wconf 98' lang='grc'>1</span> <span class='ocrx_word' id='word_1_196' title='bbox 679 1380 819 1415; x_wconf 77' lang='lat' dir='ltr'>dictum</span> <span class='ocrx_word' id='word_1_197' title='bbox 843 1387 897 1415; x_wconf 88' lang='lat' dir='ltr'>est</span> <span class='ocrx_word' id='word_1_198' title='bbox 919 1379 1023 1427; x_wconf 83' lang='lat' dir='ltr'>praef.</span> <span class='ocrx_word' id='word_1_199' title='bbox 1043 1380 1073 1423; x_wconf 83' lang='grc' dir='ltr'>Ι,</span> <span class='ocrx_word' id='word_1_200' title='bbox 1097 1383 1116 1416; x_wconf 89' lang='grc'>2</span> <span class='ocrx_word' id='word_1_201' title='bbox 1137 1394 1172 1429; x_wconf 88' lang='lat' dir='ltr'>p.</span> <span class='ocrx_word' id='word_1_202' title='bbox 1192 1381 1258 1422; x_wconf 82' lang='lat' dir='ltr'>IV,</span> <span class='ocrx_word' id='word_1_203' title='bbox 1276 1382 1321 1418; x_wconf 86' lang='lat' dir='ltr'>de</span> <span class='ocrx_word' id='word_1_204' title='bbox 1338 1383 1383 1424; x_wconf 90' lang='lat' dir='ltr'>V,</span> <span class='ocrx_word' id='word_1_205' title='bbox 1404 1385 1464 1424; x_wconf 73' lang='lat'>46,</span> <span class='ocrx_word' id='word_1_206' title='bbox 1484 1384 1505 1419; x_wconf 90' lang='grc'>9</span> 
     </span>
     <span class='ocr_line' id='line_1_23' title="bbox 102 1433 1508 1485; baseline 0.003 -15"><span class='ocrx_word' id='word_1_207' title='bbox 102 1433 209 1483; x_wconf 86' lang='lat' dir='ltr'>praef.</span> <span class='ocrx_word' id='word_1_208' title='bbox 234 1435 286 1474; x_wconf 91' lang='lat' dir='ltr'>II,</span> <span class='ocrx_word' id='word_1_209' title='bbox 322 1438 331 1470; x_wconf 87' lang='lat'>1</span> <span class='ocrx_word' id='word_1_210' title='bbox 358 1447 393 1482; x_wconf 86' lang='lat' dir='ltr'>p.</span> <span class='ocrx_word' id='word_1_211' title='bbox 412 1434 533 1470; x_wconf 87' lang='lat' dir='ltr'>XXIX</span> <span class='ocrx_word' id='word_1_212' title='bbox 564 1435 611 1470; x_wconf 85' lang='lat' dir='ltr'>ad</span> <span class='ocrx_word' id='word_1_213' title='bbox 642 1434 776 1478; x_wconf 84' lang='lat' dir='ltr'>XXIV,</span> <span class='ocrx_word' id='word_1_214' title='bbox 808 1439 871 1478; x_wconf 74' lang='grc'>-16,</span> <span class='ocrx_word' id='word_1_215' title='bbox 910 1440 939 1478; x_wconf 94' lang='grc'>1,</span> <span class='ocrx_word' id='word_1_216' title='bbox 972 1435 1018 1470; x_wconf 89' lang='lat' dir='ltr'>de</span> <span class='ocrx_word' id='word_1_217' title='bbox 1048 1435 1112 1481; x_wconf 75' lang='lat' dir='ltr'>IX,</span> <span class='ocrx_word' id='word_1_218' title='bbox 1145 1438 1208 1481; x_wconf 89' lang='grc'>29,</span> <span class='ocrx_word' id='word_1_219' title='bbox 1249 1440 1292 1472; x_wconf 77' lang='lat'>10</span> <span class='ocrx_word' id='word_1_220' title='bbox 1325 1437 1429 1485; x_wconf 79' lang='lat' dir='ltr'>praef.</span> <span class='ocrx_word' id='word_1_221' title='bbox 1456 1438 1508 1481; x_wconf 94' lang='grc' dir='ltr'>ΙΙ,</span> 
     </span>
     <span class='ocr_line' id='line_1_24' title="bbox 103 1489 704 1538; baseline 0.002 -13"><span class='ocrx_word' id='word_1_222' title='bbox 103 1490 124 1525; x_wconf 92' lang='grc'>2</span> <span class='ocrx_word' id='word_1_223' title='bbox 156 1502 193 1538; x_wconf 90' lang='lat' dir='ltr'>p.</span> <span class='ocrx_word' id='word_1_224' title='bbox 225 1490 277 1525; x_wconf 92' lang='lat' dir='ltr'>XI</span> <span class='ocrx_word' id='word_1_225' title='bbox 308 1490 355 1524; x_wconf 85' lang='lat' dir='ltr'>ad</span> <span class='ocrx_word' id='word_1_226' title='bbox 387 1489 541 1526; x_wconf 83' lang='lat' dir='ltr'>XXVII.</span> <span class='ocrx_word' id='word_1_227' title='bbox 578 1493 637 1533; x_wconf 76' lang='lat'>15,</span> <span class='ocrx_word' id='word_1_228' title='bbox 669 1491 704 1526; x_wconf 88' lang='grc'>9.</span> 
     </span>
    </p>

    <p class='ocr_par' dir='ltr' id='par_1_7' title="bbox 99 1544 1509 1745">
     <span class='ocr_line' id='line_1_25' title="bbox 212 1544 1509 1595; baseline 0.002 -13"><span class='ocrx_word' id='word_1_229' title='bbox 212 1544 327 1582; x_wconf 85' lang='lat' dir='ltr'>VIII.</span> <span class='ocrx_word' id='word_1_230' title='bbox 360 1546 404 1587; x_wconf 83' lang='lat'>9,</span> <span class='ocrx_word' id='word_1_231' title='bbox 454 1547 496 1580; x_wconf 90' lang='grc'>12</span> <span class='ocrx_word' id='word_1_232' title='bbox 530 1545 688 1593; x_wconf 78' lang='lat' dir='ltr'>Siesbye</span> <span class='ocrx_word' id='word_1_233' title='bbox 718 1545 883 1588; x_wconf 79' lang='lat' dir='ltr'>monuit,</span> <span class='ocrx_word' id='word_1_234' title='bbox 922 1545 1136 1581; x_wconf 82' lang='lat' dir='ltr'>necessario</span> <span class='ocrx_word' id='word_1_235' title='bbox 1166 1546 1202 1581; x_wconf 92' lang='lat' dir='ltr'>in</span> <span class='ocrx_word' id='word_1_236' title='bbox 1233 1547 1509 1595; x_wconf 79' lang='lat' dir='ltr'>significatione</span> 
     </span>
     <span class='ocr_line' id='line_1_26' title="bbox 101 1599 1508 1651; baseline 0.003 -16"><span class='ocrx_word' id='word_1_237' title='bbox 101 1600 154 1635; x_wconf 84' lang='lat' dir='ltr'>rei</span> <span class='ocrx_word' id='word_1_238' title='bbox 184 1600 321 1647; x_wconf 85' lang='lat' dir='ltr'>saepius</span> <span class='ocrx_word' id='word_1_239' title='bbox 350 1599 471 1636; x_wconf 81' lang='lat' dir='ltr'>factae.</span> <span class='ocrx_word' id='word_1_240' title='bbox 513 1609 694 1647; x_wconf 81' lang='lat' dir='ltr'>sequente</span> <span class='ocrx_word' id='word_1_241' title='bbox 724 1600 958 1648; x_wconf 83' lang='lat' dir='ltr'>imperfecto,</span> <span class='ocrx_word' id='word_1_242' title='bbox 1001 1601 1238 1636; x_wconf 79' lang='lat' dir='ltr'>scribendum</span> <span class='ocrx_word' id='word_1_243' title='bbox 1272 1615 1373 1638; x_wconf 77' lang='lat' dir='ltr'>esse:</span> <span class='ocrx_word' id='word_1_244' title='bbox 1418 1617 1508 1651; x_wconf 75' lang='lat' dir='ltr'>qua-</span> 
     </span>
     <span class='ocr_line' id='line_1_27' title="bbox 100 1656 1507 1703; baseline 0.004 -13"><span class='ocrx_word' id='word_1_245' title='bbox 100 1666 238 1702; x_wconf 77' lang='lat' dir='ltr'>cunque</span> <span class='ocrx_word' id='word_1_246' title='bbox 266 1667 354 1702; x_wconf 77' lang='lat' dir='ltr'>equo</span> <span class='ocrx_word' id='word_1_247' title='bbox 387 1657 542 1691; x_wconf 72' lang='lat' dir='ltr'>invectus</span> <span class='ocrx_word' id='word_1_248' title='bbox 574 1661 693 1691; x_wconf 76' lang='lat' dir='ltr'>esset</span> <span class='ocrx_word' id='word_1_249' title='bbox 723 1657 810 1703; x_wconf 88' lang='lat' dir='ltr'>(pro</span> <span class='ocrx_word' id='word_1_250' title='bbox 841 1657 929 1701; x_wconf 74' lang='lat' dir='ltr'>est),</span> <span class='ocrx_word' id='word_1_251' title='bbox 971 1656 1140 1691; x_wconf 86' lang='lat' dir='ltr'>subiecto</span> <span class='ocrx_word' id='word_1_252' title='bbox 1172 1657 1218 1692; x_wconf 88' lang='lat' dir='ltr'>de</span> <span class='ocrx_word' id='word_1_253' title='bbox 1247 1670 1322 1693; x_wconf 89' lang='lat' dir='ltr'>uno</span> <span class='ocrx_word' id='word_1_254' title='bbox 1353 1666 1507 1695; x_wconf 83' lang='lat' dir='ltr'>eventu:</span> 
     </span>
     <span class='ocr_line' id='line_1_28' title="bbox 99 1710 446 1745; baseline -0.003 0"><span class='ocrx_word' id='word_1_255' title='bbox 99 1710 161 1745; x_wconf 69' lang='lat' dir='ltr'>ube·</span> <span class='ocrx_word' id='word_1_256' title='bbox 190 1722 270 1745; x_wconf 78' lang='lat' dir='ltr'>vero</span> <span class='ocrx_word' id='word_1_257' title='bbox 299 1712 446 1745; x_wconf 76' lang='lat' dir='ltr'>corruit.</span> 
     </span>
    </p>

    <p class='ocr_par' dir='ltr' id='par_1_8' title="bbox 98 1765 1506 1865">
     <span class='ocr_line' id='line_1_29' title="bbox 209 1765 1506 1818; baseline 0.004 -17"><span class='ocrx_word' id='word_1_258' title='bbox 209 1765 254 1807; x_wconf 85' lang='lat' dir='ltr'>X,</span> <span class='ocrx_word' id='word_1_259' title='bbox 287 1767 349 1805; x_wconf 88' lang='grc'>31,</span> <span class='ocrx_word' id='word_1_260' title='bbox 382 1766 402 1800; x_wconf 87' lang='grc'>8</span> <span class='ocrx_word' id='word_1_261' title='bbox 422 1778 489 1812; x_wconf 86' lang='lat' dir='ltr'>pro</span> <span class='ocrx_word' id='word_1_262' title='bbox 510 1771 642 1801; x_wconf 77' lang='lat' dir='ltr'>terram</span> <span class='ocrx_word' id='word_1_263' title='bbox 672 1766 910 1802; x_wconf 78' lang='lat' dir='ltr'>scribendum</span> <span class='ocrx_word' id='word_1_264' title='bbox 944 1772 1064 1807; x_wconf 67' lang='lat' dir='ltr'>terni,-</span> <span class='ocrx_word' id='word_1_265' title='bbox 1095 1766 1170 1805; x_wconf 85' lang='lat' dir='ltr'>vid.</span> <span class='ocrx_word' id='word_1_266' title='bbox 1203 1767 1400 1815; x_wconf 83' lang='lat' dir='ltr'>praef.111,</span> <span class='ocrx_word' id='word_1_267' title='bbox 1436 1772 1506 1818; x_wconf 82' lang='lat' dir='ltr'>tp.</span> 
     </span>
     <span class='ocr_line' id='line_1_30' title="bbox 98 1820 684 1865; baseline -0.002 -8"><span class='ocrx_word' id='word_1_268' title='bbox 98 1820 262 1857; x_wconf 87' lang='lat' dir='ltr'>XXVIII</span> <span class='ocrx_word' id='word_1_269' title='bbox 294 1820 342 1855; x_wconf 88' lang='lat' dir='ltr'>ad</span> <span class='ocrx_word' id='word_1_270' title='bbox 371 1820 520 1865; x_wconf 83' lang='lat' dir='ltr'>XXXV,</span> <span class='ocrx_word' id='word_1_271' title='bbox 553 1822 616 1865; x_wconf 74' lang='grc'>21,</span> <span class='ocrx_word' id='word_1_272' title='bbox 650 1823 684 1857; x_wconf 87' lang='grc'>3.</span> 
     </span>
    </p>

    <p class='ocr_par' dir='ltr' id='par_1_9' title="bbox 208 1875 1310 1923">
     <span class='ocr_line' id='line_1_31' title="bbox 208 1875 1310 1923; baseline 0.002 -12"><span class='ocrx_word' id='word_1_273' title='bbox 208 1875 309 1916; x_wconf 84' lang='lat' dir='ltr'>XXI,</span> <span class='ocrx_word' id='word_1_274' title='bbox 342 1877 404 1917; x_wconf 90' lang='grc'>33,</span> <span class='ocrx_word' id='word_1_275' title='bbox 445 1879 484 1911; x_wconf 92' lang='grc'>11</span> <span class='ocrx_word' id='word_1_276' title='bbox 524 1876 774 1923; x_wconf 76' lang='lat' dir='ltr'>probabiliter</span> <span class='ocrx_word' id='word_1_277' title='bbox 805 1877 950 1912; x_wconf 84' lang='lat' dir='ltr'>Bauer:</span> <span class='ocrx_word' id='word_1_278' title='bbox 980 1888 1042 1912; x_wconf 76' lang='lat' dir='ltr'>nee</span> <span class='ocrx_word' id='word_1_279' title='bbox 1071 1889 1094 1911; x_wconf 82' lang='grc' dir='ltr'>α.</span> <span class='ocrx_word' id='word_1_280' title='bbox 1122 1879 1310 1913; x_wconf 72' lang='lat' dir='ltr'>montanis.</span> 
     </span>
    </p>

    <p class='ocr_par' dir='ltr' id='par_1_10' title="bbox 98 1930 1505 2035">
     <span class='ocr_line' id='line_1_32' title="bbox 208 1930 1505 1979; baseline 0.003 -13"><span class='ocrx_word' id='word_1_281' title='bbox 208 1930 339 1971; x_wconf 84' lang='lat' dir='ltr'>XXII,</span> <span class='ocrx_word' id='word_1_282' title='bbox 387 1931 456 1971; x_wconf 84' lang='lat'>26,</span> <span class='ocrx_word' id='word_1_283' title='bbox 501 1933 518 1965; x_wconf 97' lang='grc'>7</span> <span class='ocrx_word' id='word_1_284' title='bbox 562 1943 581 1966; x_wconf 92' lang='lat' dir='ltr'>e</span> <span class='ocrx_word' id='word_1_285' title='bbox 624 1931 794 1967; x_wconf 90' lang='lat' dir='ltr'>codicum</span> <span class='ocrx_word' id='word_1_286' title='bbox 837 1931 1024 1979; x_wconf 86' lang='lat' dir='ltr'>scriptura</span> <span class='ocrx_word' id='word_1_287' title='bbox 1065 1944 1214 1979; x_wconf 77' lang='lat' dir='ltr'>cumque</span> <span class='ocrx_word' id='word_1_288' title='bbox 1242 1934 1368 1969; x_wconf 72' lang='lat' dir='ltr'>invicto</span> <span class='ocrx_word' id='word_1_289' title='bbox 1405 1940 1505 1970; x_wconf 86' lang='lat' dir='ltr'>recte</span> 
     </span>
     <span class='ocr_line' id='line_1_33' title="bbox 98 1984 1428 2035; baseline 0.003 -14"><span class='ocrx_word' id='word_1_290' title='bbox 98 1984 227 2021; x_wconf 86' lang='lat' dir='ltr'>Bauer</span> <span class='ocrx_word' id='word_1_291' title='bbox 256 1984 396 2021; x_wconf 81' lang='lat' dir='ltr'>effecit:</span> <span class='ocrx_word' id='word_1_292' title='bbox 433 1998 509 2021; x_wconf 78' lang='lat' dir='ltr'>cum</span> <span class='ocrx_word' id='word_1_293' title='bbox 539 1998 638 2033; x_wconf 77' lang='lat' dir='ltr'>oeque.</span> <span class='ocrx_word' id='word_1_294' title='bbox 667 1989 794 2022; x_wconf 77' lang='lat' dir='ltr'>invicto</span> <span class='ocrx_word' id='word_1_295' title='bbox 823 2000 846 2022; x_wconf 86' lang='grc' dir='ltr'><em>α</em></span> <span class='ocrx_word' id='word_1_296' title='bbox 876 1987 1010 2022; x_wconf 69' lang='lat' dir='ltr'>civibus</span> <span class='ocrx_word' id='word_1_297' title='bbox 1039 1987 1268 2035; x_wconf 76' lang='lat' dir='ltr'>hostibusque</span> <span class='ocrx_word' id='word_1_298' title='bbox 1298 1990 1428 2027; x_wconf 75' lang='lat' dir='ltr'>animo.</span> 
     </span>
    </p>

    <p class='ocr_par' dir='ltr' id='par_1_11' title="bbox 96 2040 1505 2145">
     <span class='ocr_line' id='line_1_34' title="bbox 208 2040 1505 2089; baseline 0.003 -13"><span class='ocrx_word' id='word_1_299' title='bbox 208 2040 349 2081; x_wconf 89' lang='lat' dir='ltr'>XXIII,</span> <span class='ocrx_word' id='word_1_300' title='bbox 383 2041 445 2085; x_wconf 81' lang='lat'>39,</span> <span class='ocrx_word' id='word_1_301' title='bbox 477 2043 497 2076; x_wconf 87' lang='grc'>3</span> <span class='ocrx_word' id='word_1_302' title='bbox 521 2054 589 2089; x_wconf 92' lang='lat' dir='ltr'>pro</span> <span class='ocrx_word' id='word_1_303' title='bbox 617 2041 776 2077; x_wconf 67' lang='lat' dir='ltr'>Boeote&#39;ns</span> <span class='ocrx_word' id='word_1_304' title='bbox 808 2043 910 2089; x_wconf 82' lang='lat' dir='ltr'>(Put.</span> <span class='ocrx_word' id='word_1_305' title='bbox 948 2042 1162 2089; x_wconf 76' lang='lat' dir='ltr'>boeusotz&#39;us)</span> <span class='ocrx_word' id='word_1_306' title='bbox 1193 2043 1304 2081; x_wconf 83' lang='lat' dir='ltr'>scrib.</span> <span class='ocrx_word' id='word_1_307' title='bbox 1335 2043 1505 2086; x_wconf 50' lang='grc' dir='ltr'>Βοκίας,-</span> 
     </span>
     <span class='ocr_line' id='line_1_35' title="bbox 96 2094 1040 2145; baseline 0.003 -15"><span class='ocrx_word' id='word_1_308' title='bbox 96 2095 172 2131; x_wconf 85' lang='lat' dir='ltr'>vid.</span> <span class='ocrx_word' id='word_1_309' title='bbox 203 2094 307 2143; x_wconf 84' lang='lat' dir='ltr'>praef.</span> <span class='ocrx_word' id='word_1_310' title='bbox 340 2095 391 2135; x_wconf 80' lang='lat' dir='ltr'>II,</span> <span class='ocrx_word' id='word_1_311' title='bbox 426 2097 446 2131; x_wconf 89' lang='grc'>2</span> <span class='ocrx_word' id='word_1_312' title='bbox 479 2109 514 2144; x_wconf 93' lang='lat' dir='ltr'>p.</span> <span class='ocrx_word' id='word_1_313' title='bbox 547 2096 635 2133; x_wconf 86' lang='lat' dir='ltr'>XIV</span> <span class='ocrx_word' id='word_1_314' title='bbox 669 2098 807 2138; x_wconf 83' lang='lat' dir='ltr'>et&#39;III,</span> <span class='ocrx_word' id='word_1_315' title='bbox 844 2100 854 2133; x_wconf 96' lang='lat' dir='ltr'>l</span> <span class='ocrx_word' id='word_1_316' title='bbox 894 2110 929 2145; x_wconf 89' lang='lat' dir='ltr'>p.</span> <span class='ocrx_word' id='word_1_317' title='bbox 961 2097 1040 2133; x_wconf 88' lang='lat' dir='ltr'>XX.</span> 
     </span>
    </p>
   </div>
   <div class='ocr_carea' id='block_1_6' title="bbox 96 2202 1503 2364">
    <p class='ocr_par' dir='ltr' id='par_1_12' title="bbox 96 2202 1503 2364">
     <span class='ocr_line' id='line_1_36' title="bbox 206 2202 1503 2256; baseline 0.001 -12"><span class='ocrx_word' id='word_1_318' title='bbox 206 2202 280 2244; x_wconf 87' lang='grc' dir='ltr'>ΠΙ.</span> <span class='ocrx_word' id='word_1_319' title='bbox 339 2207 501 2243; x_wconf 83' lang='lat' dir='ltr'>Errores</span> <span class='ocrx_word' id='word_1_320' title='bbox 532 2216 707 2255; x_wconf 86' lang='lat' dir='ltr'>typorum</span> <span class='ocrx_word' id='word_1_321' title='bbox 739 2214 877 2255; x_wconf 84' lang='lat' dir='ltr'>praeter</span> <span class='ocrx_word' id='word_1_322' title='bbox 903 2220 986 2252; x_wconf 84' lang='lat' dir='ltr'>eos,</span> <span class='ocrx_word' id='word_1_323' title='bbox 1030 2208 1094 2255; x_wconf 87' lang='lat' dir='ltr'>qui</span> <span class='ocrx_word' id='word_1_324' title='bbox 1134 2208 1172 2244; x_wconf 83' lang='lat' dir='ltr'>in</span> <span class='ocrx_word' id='word_1_325' title='bbox 1202 2207 1359 2256; x_wconf 86' lang='lat' dir='ltr'>singulis</span> <span class='ocrx_word' id='word_1_326' title='bbox 1388 2207 1503 2245; x_wconf 88' lang='lat' dir='ltr'>fasci-</span> 
     </span>
     <span class='ocr_line' id='line_1_37' title="bbox 96 2260 1501 2309; baseline 0.004 -13"><span class='ocrx_word' id='word_1_327' title='bbox 96 2260 188 2297; x_wconf 89' lang='lat' dir='ltr'>culis</span> <span class='ocrx_word' id='word_1_328' title='bbox 218 2262 293 2297; x_wconf 85' lang='lat' dir='ltr'>iam</span> <span class='ocrx_word' id='word_1_329' title='bbox 324 2263 445 2298; x_wconf 84' lang='lat' dir='ltr'>notati</span> <span class='ocrx_word' id='word_1_330' title='bbox 475 2271 580 2303; x_wconf 84' lang='lat' dir='ltr'>sunt,</span> <span class='ocrx_word' id='word_1_331' title='bbox 612 2263 669 2298; x_wconf 86' lang='lat' dir='ltr'>his</span> <span class='ocrx_word' id='word_1_332' title='bbox 697 2263 789 2298; x_wconf 72' lang='lat' dir='ltr'>locis</span> <span class='ocrx_word' id='word_1_333' title='bbox 820 2263 974 2298; x_wconf 85' lang='lat' dir='ltr'>tollendi</span> <span class='ocrx_word' id='word_1_334' title='bbox 1005 2270 1112 2306; x_wconf 82' lang='lat' dir='ltr'>sunt,</span> <span class='ocrx_word' id='word_1_335' title='bbox 1150 2270 1190 2299; x_wconf 84' lang='lat' dir='ltr'>ut</span> <span class='ocrx_word' id='word_1_336' title='bbox 1219 2263 1272 2299; x_wconf 84' lang='lat' dir='ltr'>sic</span> <span class='ocrx_word' id='word_1_337' title='bbox 1301 2264 1501 2309; x_wconf 75' lang='lat' dir='ltr'>scribatur,</span> 
     </span>
     <span class='ocr_line' id='line_1_38' title="bbox 97 2317 1169 2364; baseline 0 -12"><span class='ocrx_word' id='word_1_338' title='bbox 97 2317 416 2364; x_wconf 86' lang='lat' dir='ltr'>quemadmodum</span> <span class='ocrx_word' id='word_1_339' title='bbox 448 2318 508 2353; x_wconf 90' lang='lat' dir='ltr'>hic</span> <span class='ocrx_word' id='word_1_340' title='bbox 537 2317 726 2354; x_wconf 85' lang='lat' dir='ltr'>inclinatis</span> <span class='ocrx_word' id='word_1_341' title='bbox 759 2318 892 2354; x_wconf 83' lang='lat' dir='ltr'>litteris</span> <span class='ocrx_word' id='word_1_342' title='bbox 921 2318 1169 2355; x_wconf 84' lang='lat' dir='ltr'>indicabitur:</span> 
     </span>
    </p>
   </div>
   <div class='ocr_carea' id='block_1_7' title="bbox 83 2395 1501 2664">
    <p class='ocr_par' dir='ltr' id='par_1_13' title="bbox 83 2395 1501 2664">
     <span class='ocr_line' id='line_1_39' title="bbox 205 2395 1501 2444; baseline 0.002 -14"><span class='ocrx_word' id='word_1_343' title='bbox 205 2395 292 2431; x_wconf 75' lang='lat' dir='ltr'>Vol.</span> <span class='ocrx_word' id='word_1_344' title='bbox 325 2396 343 2431; x_wconf 96' lang='grc' dir='ltr'>Ι</span> <span class='ocrx_word' id='word_1_345' title='bbox 374 2409 410 2443; x_wconf 88' lang='lat' dir='ltr'>p.</span> <span class='ocrx_word' id='word_1_346' title='bbox 448 2398 456 2430; x_wconf 96' lang='grc'>1</span> <span class='ocrx_word' id='word_1_347' title='bbox 501 2407 588 2443; x_wconf 79' lang='lat' dir='ltr'>pag.</span> <span class='ocrx_word' id='word_1_348' title='bbox 628 2398 672 2432; x_wconf 86' lang='grc'>16</span> <span class='ocrx_word' id='word_1_349' title='bbox 704 2409 739 2431; x_wconf 80' lang='lat' dir='ltr'>v.</span> <span class='ocrx_word' id='word_1_350' title='bbox 777 2398 819 2432; x_wconf 89' lang='grc'>13</span> <span class='ocrx_word' id='word_1_351' title='bbox 853 2398 1132 2444; x_wconf 70' lang='lat' dir='ltr'>circnmaqerent</span> <span class='ocrx_word' id='word_1_352' title='bbox 1197 2398 1260 2441; x_wconf 86' lang='grc'>23,</span> <span class='ocrx_word' id='word_1_353' title='bbox 1291 2400 1310 2433; x_wconf 85' lang='grc'>4</span> <span class='ocrx_word' id='word_1_354' title='bbox 1346 2397 1394 2432; x_wconf 85' lang='lat' dir='ltr'>ab</span> <span class='ocrx_word' id='word_1_355' title='bbox 1424 2396 1501 2432; x_wconf 91' lang='lat' dir='ltr'>imo</span> 
     </span>
     <span class='ocr_line' id='line_1_40' title="bbox 95 2449 1500 2498; baseline 0.001 -13"><span class='ocrx_word' id='word_1_356' title='bbox 95 2449 178 2485; x_wconf 78' lang='lat' dir='ltr'>belli</span> <span class='ocrx_word' id='word_1_357' title='bbox 208 2451 353 2486; x_wconf 74' lang='lat' dir='ltr'>audisse</span> <span class='ocrx_word' id='word_1_358' title='bbox 386 2450 552 2495; x_wconf 75' lang='lat' dir='ltr'>(sublato</span> <span class='ocrx_word' id='word_1_359' title='bbox 585 2452 788 2498; x_wconf 77' lang='lat' dir='ltr'>commate)</span> <span class='ocrx_word' id='word_1_360' title='bbox 855 2454 917 2493; x_wconf 83' lang='lat'>33,</span> <span class='ocrx_word' id='word_1_361' title='bbox 958 2454 999 2487; x_wconf 87' lang='grc'>12</span> <span class='ocrx_word' id='word_1_362' title='bbox 1032 2465 1147 2497; x_wconf 69' lang='lat' dir='ltr'>reqem</span> <span class='ocrx_word' id='word_1_363' title='bbox 1206 2455 1269 2495; x_wconf 80' lang='grc'>47,</span> <span class='ocrx_word' id='word_1_364' title='bbox 1301 2453 1321 2487; x_wconf 97' lang='grc'>2</span> <span class='ocrx_word' id='word_1_365' title='bbox 1348 2453 1395 2488; x_wconf 82' lang='lat' dir='ltr'>ab</span> <span class='ocrx_word' id='word_1_366' title='bbox 1423 2452 1500 2487; x_wconf 88' lang='lat' dir='ltr'>imo</span> 
     </span>
     <span class='ocr_line' id='line_1_41' title="bbox 93 2505 1501 2554; baseline 0.001 -14"><span class='ocrx_word' id='word_1_367' title='bbox 93 2505 145 2540; x_wconf 85' lang='lat' dir='ltr'>ad</span> <span class='ocrx_word' id='word_1_368' title='bbox 163 2506 267 2541; x_wconf 76' lang='lat' dir='ltr'>aliud</span> <span class='ocrx_word' id='word_1_369' title='bbox 333 2507 419 2545; x_wconf 80' lang='grc'>102,</span> <span class='ocrx_word' id='word_1_370' title='bbox 445 2509 487 2541; x_wconf 77' lang='grc'>15</span> <span class='ocrx_word' id='word_1_371' title='bbox 509 2505 657 2541; x_wconf 71' lang='lat' dir='ltr'>Tribuni</span> <span class='ocrx_word' id='word_1_372' title='bbox 681 2508 780 2554; x_wconf 67' lang='lat' dir='ltr'>plebe·</span> <span class='ocrx_word' id='word_1_373' title='bbox 847 2509 932 2549; x_wconf 70' lang='lat'>142,</span> <span class='ocrx_word' id='word_1_374' title='bbox 951 2509 992 2543; x_wconf 88' lang='grc'>21</span> <span class='ocrx_word' id='word_1_375' title='bbox 1015 2507 1094 2543; x_wconf 77' lang='lat' dir='ltr'>Iam</span> <span class='ocrx_word' id='word_1_376' title='bbox 1160 2509 1245 2545; x_wconf 83' lang='lat'>169,</span> <span class='ocrx_word' id='word_1_377' title='bbox 1282 2510 1326 2543; x_wconf 81' lang='lat'>10</span> <span class='ocrx_word' id='word_1_378' title='bbox 1346 2508 1393 2543; x_wconf 81' lang='lat' dir='ltr'>ab</span> <span class='ocrx_word' id='word_1_379' title='bbox 1426 2507 1501 2543; x_wconf 90' lang='lat' dir='ltr'>imo</span> 
     </span>
     <span class='ocr_line' id='line_1_42' title="bbox 83 2561 1500 2610; baseline 0.003 -15"><span class='ocrx_word' id='word_1_380' title='bbox 83 2561 322 2608; x_wconf 76' lang='lat' dir='ltr'>ferarumque</span> <span class='ocrx_word' id='word_1_381' title='bbox 391 2562 477 2605; x_wconf 88' lang='grc'>179,</span> <span class='ocrx_word' id='word_1_382' title='bbox 510 2564 528 2596; x_wconf 93' lang='grc'>7</span> <span class='ocrx_word' id='word_1_383' title='bbox 565 2562 613 2597; x_wconf 88' lang='lat' dir='ltr'>ab</span> <span class='ocrx_word' id='word_1_384' title='bbox 644 2562 719 2597; x_wconf 86' lang='lat' dir='ltr'>imo</span> <span class='ocrx_word' id='word_1_385' title='bbox 750 2575 927 2610; x_wconf 63' lang='lat' dir='ltr'>aviamque</span> <span class='ocrx_word' id='word_1_386' title='bbox 996 2564 1081 2607; x_wconf 80' lang='grc'>187,</span> <span class='ocrx_word' id='word_1_387' title='bbox 1113 2564 1134 2599; x_wconf 89' lang='grc'>9</span> <span class='ocrx_word' id='word_1_388' title='bbox 1166 2564 1351 2599; x_wconf 74' lang='lat' dir='ltr'>concilium</span> <span class='ocrx_word' id='word_1_389' title='bbox 1411 2564 1500 2607; x_wconf 72' lang='lat'>208,</span> 
     </span>
     <span class='ocr_line' id='line_1_43' title="bbox 95 2616 1235 2664; baseline 0.003 -13"><span class='ocrx_word' id='word_1_390' title='bbox 95 2616 116 2651; x_wconf 89' lang='grc'>3</span> <span class='ocrx_word' id='word_1_391' title='bbox 149 2616 197 2652; x_wconf 86' lang='lat' dir='ltr'>ab</span> <span class='ocrx_word' id='word_1_392' title='bbox 226 2616 303 2652; x_wconf 87' lang='lat' dir='ltr'>imo</span> <span class='ocrx_word' id='word_1_393' title='bbox 328 2618 452 2664; x_wconf 78' lang='lat' dir='ltr'>peiore</span> <span class='ocrx_word' id='word_1_394' title='bbox 483 2617 572 2660; x_wconf 72' lang='lat'>253,</span> <span class='ocrx_word' id='word_1_395' title='bbox 609 2619 627 2652; x_wconf 94' lang='grc'>7</span> <span class='ocrx_word' id='word_1_396' title='bbox 663 2618 859 2654; x_wconf 77' lang='lat' dir='ltr'>tribunicioe</span> <span class='ocrx_word' id='word_1_397' title='bbox 923 2619 1015 2663; x_wconf 76' lang='lat'>289,</span> <span class='ocrx_word' id='word_1_398' title='bbox 1051 2621 1094 2654; x_wconf 89' lang='lat'>15</span> <span class='ocrx_word' id='word_1_399' title='bbox 1126 2617 1235 2654; x_wconf 80' lang='lat' dir='ltr'>Nova</span> 
     </span>
    </p>
   </div>
  </div>
 </body>
</html>
