1753 2934
293 143 340 178 38
853 142 1024 172 Periochae

237 278 270 302 et
295 272 436 312 poculo,
476 273 508 302 in
541 282 606 311 quo
641 281 801 302 vencnum
829 278 915 303 erat.
953 273 1059 304 suasit
1093 273 1148 312 iis,
1184 279 1219 303 ut
1256 273 1430 304 imminens
1463 273 1640 304 ludibrium

237 342 344 364 morte
371 333 566 372 effugerent,
596 339 626 363 et
646 342 747 372 quum
769 334 1000 373 persuasisset,
1027 340 1060 364 et
1078 334 1148 374 ipsu
1168 344 1202 365 se
1219 334 1397 366 interemit.
1452 334 1644 366 Certamina

239 395 324 425 inter
349 395 433 425 filios
461 394 606 434 Philippi
635 395 843 425 Macedoniae
871 396 955 434 regis
981 396 1105 426 Persen
1142 402 1172 425 et
1201 395 1409 426 Demetrium
1437 395 1640 434 reseruntur-3

239 463 272 487 et
298 462 334 486 ut
359 457 474 487 fraude
496 455 608 486 fratris
631 456 678 485 sui
697 456 889 486 Demetrius
904 456 989 486 lictis
1009 457 1215 493 criminibus,
1240 457 1324 487 inter
1338 466 1411 497 quae
1429 458 1642 488 accusatione

237 518 404 559 parricidii
445 524 477 548 et
510 516 656 547 affectati
698 518 812 557 regni.
850 518 992 557 primum
1021 519 1161 558 petitus,
1205 519 1246 548 ud
1274 518 1449 558 ultimum,
1485 520 1642 559 quoniam

238 579 353 621 populi
372 579 517 610 Romani
545 579 673 609 amicus
700 585 782 615 crat,
810 588 940 609 veneno
966 586 1103 610 necatus
1129 579 1183 615 sit,
1211 589 1418 620 regnumque
1435 579 1643 610 Macedonian

239 648 370 672 mortuo
397 641 554 681 Philippo
588 641 629 670 ad
667 640 792 670 Persen
829 641 1008 671 devenerit.
1059 641 1141 671 Item
1175 651 1225 671 res
1259 641 1290 671 iu
1318 641 1496 679 Liguribus
1527 648 1559 672 et
1583 641 1643 671 Hi-

239 703 358 744 spania
377 708 493 733 contra
507 701 693 732 Celtiberos
719 712 737 730 a
761 702 987 742 compluribus
1014 702 1155 732 feliciter
1172 709 1281 741 gestas
1300 703 1458 734 continet.
1502 701 1645 733 Colonia

243 765 400 805 Aquileia
426 764 570 794 deductu
597 769 656 793 est.
717 762 806 793 Libri
834 762 952 793 Numae
978 763 1133 803 Pompilii
1162 763 1193 792 in
1221 773 1303 803 agro
1331 763 1368 794 L.
1391 764 1503 795 Petilii
1528 765 1644 795 scribae

237 827 298 857 sub
324 826 475 856 Ianiculo
501 836 520 856 a
547 825 730 855 cultoribus
759 825 829 863 agri
857 835 934 855 arca
961 826 1093 865 lapidea
1121 825 1202 855 clusi
1231 825 1353 855 inventi
1381 833 1456 856 sunt
1483 834 1515 857 ct
1537 826 1644 858 Graeci

239 892 271 917 et
292 886 422 924 Lutini3
448 886 480 916 in
507 886 625 926 quibus
653 895 754 925 quum
782 886 940 926 pleraque
968 886 1258 917 dissolvendarum
1287 886 1485 926 religionum
1512 893 1644 928 praetor,

238 949 279 979 ad
308 958 406 987 quem
434 948 536 977 delati
564 954 676 983 erunt,
719 947 871 986 legisset,
907 949 1027 978 iuravit
1053 948 1200 983 senatui,
1238 955 1354 978 contra
1381 958 1449 979 rem
1476 949 1644 989 publicam

242 1019 331 1048 esse,
370 1001 407 1040 ut
437 1009 628 1048 legerentur
661 1015 951 1049 servarentur-quo.
1010 1009 1063 1040 Ex
1090 1008 1153 1041 SC.
1190 1010 1222 1040 in
1257 1010 1393 1041 comitio
1421 1010 1530 1040 exusti
1557 1015 1643 1041 sunt.

238 1071 415 1112 Philippus
448 1071 646 1110 aegritudine
681 1070 782 1100 animi
819 1070 1011 1107 consectus,
1050 1071 1138 1111 quod
1178 1072 1381 1102 Demetrium
1416 1071 1519 1102 filium
1554 1071 1646 1103 salsis

240 1133 377 1164 alterius
404 1133 462 1163 filii
498 1132 531 1162 in
566 1132 708 1162 eundem
743 1131 968 1178 delationibus
1003 1133 1166 1173 impulsus
1202 1143 1328 1163 veneno
1361 1133 1564 1170 sustulisset,
1604 1133 1645 1163 de

237 1206 338 1236 poena
354 1195 468 1226 Persei
489 1194 649 1233 cogitavit
669 1193 841 1232 voluitque
859 1194 1065 1234 Antigonum
1079 1195 1200 1235 potius,
1220 1195 1365 1225 amicum
1389 1205 1498 1232 suuni,
1516 1203 1647 1225 succes-

239 1266 348 1288 sorem
376 1256 469 1294 regni
496 1255 544 1285 sui
573 1255 779 1294 relinquere,
819 1256 876 1285 sed
911 1256 943 1285 in
975 1256 1037 1286 huc
1065 1257 1269 1295 cogitatione
1306 1262 1411 1287 morte
1444 1262 1558 1296 raptus
1584 1262 1644 1287 est.

238 1318 382 1354 Perseus
409 1327 549 1357 regnum
577 1317 720 1357 excepit.

798 1422 860 1454 Ex
887 1422 973 1453 LIB.
1002 1422 1093 1453 XLI.

331 1500 421 1540 Ignis
455 1501 487 1530 iu
521 1502 591 1532 aede
622 1501 735 1532 Vestae
767 1501 951 1531 exstinctus
985 1505 1046 1530 est.
1122 1499 1174 1530 Ti.
1219 1499 1437 1542 Sempronius
1472 1500 1644 1532 Gracchus

236 1573 367 1603 procos.
405 1562 592 1594 Celtiberos
640 1563 747 1594 victos
797 1563 830 1592 in
878 1561 1081 1592 deditionem
1128 1562 1273 1602 acecpit,
1322 1567 1644 1603 monumentumque

237 1634 373 1665 operum
412 1634 547 1656 suorum
583 1624 803 1656 Gracchurim
843 1623 1001 1664 oppidum
1039 1623 1072 1652 in
1107 1622 1273 1663 Hispania
1305 1625 1487 1655 coustituit.
1550 1625 1592 1656 Et
1626 1636 1646 1656 a

236 1686 412 1718 Postumio
444 1687 569 1717 Albino
609 1697 736 1727 procos.
767 1685 898 1715 Vaccaei
942 1694 980 1715 ac
1006 1684 1157 1715 Lusitani
1193 1685 1322 1716 subacti
1359 1692 1444 1717 sunt.
1498 1686 1646 1727 Uterque

237 1747 465 1787 triumphavit.
519 1747 708 1778 Antiochus
733 1747 893 1778 Antiochi
926 1747 1025 1781 filius,
1055 1747 1153 1776 obses
1185 1756 1203 1775 a
1229 1752 1322 1786 patre
1348 1747 1508 1778 Romanis
1535 1749 1645 1789 dutus,
1691 1743 1693 1745 ¹

237 1816 368 1840 mortuo
407 1808 508 1840 fruti-e
549 1809 711 1845 Seleuco,
754 1809 809 1848 qui
844 1809 929 1848 patri
967 1806 1128 1838 defuncto
1166 1814 1392 1844 successerat,
1439 1809 1472 1839 in
1506 1819 1645 1849 regnum

237 1871 342 1911 Syriae
379 1871 421 1901 ab
459 1872 538 1901 urbe
573 1870 747 1907 ‹limissus3
785 1870 838 1910 qui
873 1874 992 1910 praeter
1026 1869 1241 1909 religionem,
1281 1881 1347 1910 qua
1381 1871 1486 1902 multu
1521 1870 1646 1912 templa

241 1933 419 1971 magnifica
458 1932 570 1963 multis
609 1932 691 1962 locis
731 1932 853 1967 crexit,
900 1931 1043 1962 Athenis
1082 1931 1172 1963 Iovis
1206 1931 1352 1973 Olympii
1391 1938 1423 1963 et
1455 1933 1645 1963 Antiochiae

241 1992 420 2034 Capitolini,
449 1995 643 2024 vilissimum
671 2003 782 2032 regem
812 1993 890 2032 egit.
942 1992 1098 2023 Lustrum
1121 2003 1140 2022 a
1162 1993 1355 2024 censoribus
1382 1993 1554 2025 conditum
1580 2000 1644 2032 cst3

237 2065 336 2086 censa
369 2062 447 2087 sunt
484 2056 604 2086 civium
642 2056 752 2096 capitu
779 2045 974 2086 {CLVIII
1004 2053 1188 2085 CCXCIV.
1265 2054 1305 2093 Q.
1344 2055 1517 2093 Voconius
1554 2055 1645 2086 Saxa

238 2123 277 2148 tr.
298 2116 341 2157 pl.
368 2117 477 2157 legem
505 2117 591 2156 tulit,
620 2127 660 2147 ne
686 2117 760 2157 quis
786 2117 958 2148 mulierem
982 2116 1137 2146 heredem
1157 2116 1354 2147 institueret.
1396 2116 1510 2149 Suasit
1535 2117 1644 2156 legem

239 2178 284 2209 M.
308 2178 410 2216 Cut03
439 2184 547 2209 exstat
575 2179 680 2209 oratio
708 2180 789 2209 eius.
842 2178 1008 2209 l'raeterea
1037 2187 1087 2209 res
1113 2178 1274 2208 universus
1289 2178 1429 2216 Ligures
1455 2183 1487 2208 et
1513 2178 1645 2209 Histros

239 2247 272 2271 et
298 2240 424 2270 Sardos
467 2247 498 2270 et
539 2239 724 2270 Celtiberos
764 2250 783 2270 a
821 2240 1049 2281 compluribus
1089 2240 1229 2270 ducibus
1267 2248 1425 2280 prospere
1463 2245 1576 2279 gestas
1613 2245 1646 2270 et

239 2302 329 2332 initia
359 2302 435 2332 belli
452 2302 664 2333 Macedonici
692 2302 851 2340 eontinet,
880 2301 967 2341 quod
990 2302 1132 2333 Perseus
1147 2301 1294 2342 Philippi
1320 2300 1407 2332 filius
1434 2299 1642 2332 moliebatur.

239 2363 379 2394 Miserat
406 2364 446 2393 ud
475 2363 770 2403 Carthaginienses
797 2363 1017 2403 legationem3
1059 2372 1099 2393 ea
1134 2363 1174 2393 ab
1209 2362 1259 2394 his
1294 2368 1390 2392 nocte
1421 2360 1536 2391 audita
1561 2365 1642 2391 erat.

237 2424 303 2455 Sed
330 2430 362 2454 et
387 2424 468 2455 alias
495 2425 632 2456 Graeciae
658 2426 810 2456 civitates
838 2425 1054 2456 sollicitabat.

785 2532 847 2562 Ex
874 2531 962 2562 LIB.
990 2530 1100 2562 XLII.

332 2606 373 2644 Q.
416 2606 550 2638 Fulvius
589 2608 729 2638 Flaccus
776 2617 894 2638 censor
945 2607 1106 2647 templum
1154 2606 1291 2638 Iunonis
1330 2605 1475 2636 Lacinioe
1525 2603 1645 2644 tegulis

239 2668 436 2698 marmorcis
461 2669 633 2708 spoliavit,
665 2676 701 2699 ut
726 2669 847 2708 aedcm,
884 2678 985 2708 quam
1012 2668 1238 2703 dedicaverat,
1280 2672 1421 2706 tegeret3
1458 2665 1579 2705 tegulae
1602 2675 1645 2696 ex
