1753 2934
167 316 212 352 12

166 456 209 491 13

165 596 208 631 14

163 735 208 770 15

159 1084 205 1120 16

158 1225 202 1259 17

157 1364 203 1400 18

153 1575 200 1611 19

304 129 381 164 272
649 128 748 158 Liber
774 127 882 158 XLV.
957 130 1017 162 (A.
1040 138 1070 159 u.
1091 139 1118 160 c.
1142 131 1235 166 587.)

244 249 442 296 ignoscere
461 248 636 284 Prusiam
654 248 805 291 debere,
822 249 853 284 si
871 261 917 285 ex
937 249 1073 285 nullius
1091 250 1229 287 iniuria
1247 251 1455 299 quidquam
1475 253 1508 288 ei
1526 253 1655 290 datum

245 319 359 354 vellet
388 318 552 366 populus
584 318 781 354 Romanus
853 319 913 354 Ne
943 319 1002 355 eui
1043 320 1153 356 detur
1183 321 1355 368 quidem,
1391 330 1542 371 gratum
1574 335 1656 360 esse

244 389 384 423 donum
416 400 551 436 posse.
594 388 696 434 quod
728 401 835 433 eum,
877 390 940 437 qui
972 390 1053 433 det,
1083 390 1147 426 ubi
1177 391 1286 434 velit,
1325 391 1541 429 ablaturum
1573 406 1656 430 esse

242 458 350 493 sciat.
428 457 514 493 Filii
560 458 784 494 Nicomedis
828 460 1197 496 commendationem
1244 461 1426 509 accipere.
1501 462 1655 510 Quanta

242 538 334 562 cura
364 538 495 574 regum
520 528 727 564 amicorum
760 528 899 564 liberos
931 536 1082 566 tueatur
1112 530 1276 578 populus
1299 532 1508 576 Romanus,
1538 533 1655 570 docu-

243 604 369 632 mento
410 597 659 633 Ptolemaeum
698 599 862 646 AEgypti
901 611 1029 647 regem
1071 612 1162 637 esse.
1222 599 1317 636 Cum
1358 601 1432 638 hoc
1467 615 1654 651 responso

1103 668 1124 686 :k

241 666 382 702 Prusia
412 675 468 702 est
499 668 688 704 dimissus.
749 670 911 705 Munera
954 669 987 705 ei
1025 682 1073 705 ex
1155 670 1337 706 sestertiis
1370 670 1474 708 iussa
1505 672 1587 708 dari
1618 680 1654 709 et

240 748 422 772 vasorum
467 745 735 785 argenteorum
787 739 915 788 pondo
962 739 1252 789 quinquaginta.
1335 741 1385 778 Et
1428 741 1505 778 filio
1553 743 1654 791 regiS

239 805 442 842 Nicomedi
483 820 531 843 ex
576 821 620 844 ea
660 822 810 846 summa
854 822 1012 845 munera
1061 811 1144 847 dari
1185 817 1431 855 censuerunt,
1490 825 1538 848 ex
1577 825 1653 860 qua

238 876 449 923 Masgabae,
497 877 574 913 filio
614 879 714 926 regis
753 879 978 923 Masinissae,
1018 880 1110 916 data
1146 888 1288 922 essent;
1331 888 1367 916 et
1409 888 1450 917 ut
1490 881 1652 918 victimae

238 945 410 993 aliaque,
438 959 522 994 quae
554 948 601 984 ad
632 949 857 985 sacrificium
890 950 1139 997 pertinerent,
1177 961 1242 986 seu
1274 951 1407 987 Romae
1443 964 1508 988 seu
1547 953 1651 989 Prae-

236 1023 343 1052 neste
387 1016 586 1055 immolare
622 1019 755 1062 vellet,
800 1019 879 1067 regi
919 1032 966 1055 ex
1007 1019 1182 1067 publico„
1227 1020 1323 1056 sieut
1365 1021 1652 1070 magistratibus

236 1087 436 1129 Romanis,
468 1089 748 1136 praeberentur:
787 1097 821 1126 et
859 1096 898 1125 ut
942 1102 989 1125 ex
1023 1089 1164 1134 classe,
1211 1103 1296 1138 quae
1330 1091 1509 1128 Brundisi
1540 1099 1651 1138 esset,

217 1149 354 1192 'naves
384 1157 507 1206 longae
537 1159 670 1207 viginti
699 1160 1005 1207 adsignarentun
1037 1160 1174 1207 quibus
1207 1166 1384 1197 uteretur.
1435 1160 1571 1196 Donec
1601 1162 1651 1198 ad

236 1225 396 1262 classem
438 1228 539 1263 dono
580 1228 708 1264 datam
750 1229 783 1264 ei
823 1241 891 1265 rex
926 1230 1179 1277 pervenisset,
1212 1231 1256 1267 L.
1290 1230 1490 1267 Cornelius
1521 1230 1650 1278 Scipio

235 1308 282 1331 ne
313 1296 361 1331 ab
393 1309 438 1332 eo
471 1298 718 1337 abscederet,
748 1306 1019 1347 sumptumque
1049 1299 1120 1347 ipsi
1152 1307 1189 1335 et
1219 1301 1422 1336 comitibus
1453 1301 1651 1348 praeberet,

236 1366 357 1402 donee
387 1379 523 1402 navem
556 1368 849 1404 conscendisset.
908 1368 1006 1405 Mire
1036 1369 1161 1405 laetum
1201 1382 1247 1406 ea
1277 1369 1510 1418 benignitate
1539 1369 1576 1406 in
1609 1382 1650 1407 se

234 1437 366 1485 populi
390 1437 554 1474 Romani
585 1450 712 1487 regem
745 1438 862 1474 fuisse
892 1438 1040 1483 ferunt;
1073 1453 1230 1476 munera
1264 1441 1334 1476 sibi
1365 1439 1437 1488 ipsi
1470 1439 1544 1476 emi
1573 1452 1649 1476 non

233 1507 345 1550 sisse;
376 1507 491 1543 filium
523 1508 678 1545 iussisse
708 1509 848 1545 donum
881 1509 1012 1557 populi
1044 1510 1208 1546 Romani
1240 1510 1425 1559 accipere.
1475 1510 1568 1546 Haec
1602 1510 1649 1546 de

232 1577 372 1613 Prusia
425 1578 545 1613 nostri
597 1579 815 1627 scriptores.
892 1579 1079 1627 Polybius
1130 1592 1214 1615 eum
1269 1592 1397 1628 regem
1451 1579 1646 1628 indignum

229 1648 432 1684 maiestate
462 1648 625 1684 nominis
657 1649 751 1685 tanti
783 1649 917 1693 tradit;
957 1649 1162 1698 pileatum„
1193 1650 1317 1697 capite
1347 1661 1459 1695 raso,
1492 1649 1646 1686 obviam

230 1721 282 1755 ire
311 1719 446 1767 legatis
477 1720 628 1756 solitum
669 1719 923 1767 libertumque
961 1732 1000 1755 se
1043 1719 1174 1768 populi
1207 1720 1372 1757 Romani
1402 1719 1524 1756 ferre:
1559 1719 1645 1756 ideo
1673 1726 1676 1727 ’

228 1931 247 1959 3
274 1929 465 1967 ignosceret
486 1929 491 1967 Ι
515 1929 652 1959 deberet
715 1928 767 1965 12,
796 1931 807 1958 1
842 1938 883 1958 ne
911 1938 976 1968 quo
1004 1929 1100 1959 detur
1126 1929 1180 1968 qui
1209 1929 1308 1958 detur
1333 1928 1468 1968 quidem
1497 1927 1645 1960 Muretus

228 1985 324 2025 (Fuit
339 1986 416 2025 quoi
433 1987 540 2016 detur.
561 1986 657 2027 Gryn.
675 1995 715 2016 ne
731 1986 818 2025 quod
836 1986 933 2016 detur
947 1986 1098 2026 quidem)
1154 1990 1172 2017 2
1190 1986 1294 2016 uellet
1311 1985 1382 2027 2119.
1448 1985 1501 2023 13,
1522 1989 1534 2016 1
1554 1985 1643 2017 felici

226 2043 414 2074 nicomedis
447 2043 518 2084 My.
546 2043 619 2074 Em.
643 2042 715 2074 627
754 2042 870 2084 (Gryn.
899 2043 1016 2074 Facile
1032 2043 1239 2084 Nicomed‘s)
1263 2045 1267 2079 Ι
1289 2044 1457 2084 acciperet
1481 2050 1642 2083 quantam

225 2103 245 2130 3
272 2100 475 2140 ptolemeum
520 2100 575 2137 14,
603 2105 620 2131 2
648 2101 811 2141 prusiasct
841 2101 1017 2132 dimissum
1053 2101 1163 2133 Weiss.
1204 2100 1324 2142 (Gryn.
1353 2101 1491 2131 Prusias
1517 2107 1568 2132 est
1592 2102 1643 2132 di-

226 2158 364 2195 missus)
387 2158 391 2196 Ι
415 2168 456 2188 ex
483 2159 644 2189 sestertiis
671 2158 785 2200 (Gryn.
814 2169 946 2189 vacuum
970 2159 1104 2199 spatium
1128 2165 1202 2199 post
1226 2168 1267 2189 ex
1292 2158 1444 2199 reliquit.)
1479 2161 1498 2189 3
1520 2168 1642 2199 argen-

224 2232 352 2256 teorum
369 2227 414 2266 pl.
431 2232 464 2257 et
478 2227 547 2257 filio
596 2226 651 2260 15,
668 2231 687 2258 3
714 2216 888 2267 masgeare
903 2227 1047 2257 tiliorum
1064 2227 1150 2266 regis
1198 2232 1216 2256 4
1243 2227 1423 2267 aliamquae
1445 2237 1475 2268 q.
1493 2228 1534 2258 ad
1549 2225 1552 2266 Ι
1566 2237 1640 2268 per-

223 2283 345 2314 tineret
370 2293 450 2314 seuo
477 2293 578 2315 romae
604 2285 665 2315 sub
688 2290 841 2325 preneste
867 2284 1056 2315 immotam
1082 2284 1185 2315 uellet
1243 2284 1296 2319 16,
1325 2288 1343 2314 2
1371 2284 1439 2324 (De
1465 2286 1640 2326 interpunc-

223 2340 303 2371 tione
328 2341 540 2380 proximorum
567 2343 626 2383 cfr
655 2342 727 2373 Em.
761 2341 848 2381 (1¹27)
904 2341 958 2379 17,
992 2345 1003 2372 1
1035 2341 1055 2371 l.
1084 2342 1232 2372 cornelio
1283 2340 1337 2377 18,
1364 2345 1375 2371 1
1405 2342 1510 2372 amire
1535 2342 1638 2373 letum

223 2403 255 2429 et
287 2408 325 2428 eu
361 2399 604 2438 benignitatem
646 2399 696 2438 (et
739 2398 808 2430 tolli
851 2399 938 2429 iussit
987 2397 1095 2438 Crev.)
1189 2403 1207 2429 2
1243 2398 1405 2439 popuium
1434 2409 1457 2430 r.
1494 2399 1498 2439 i
1534 2398 1638 2430 fuisse

220 2454 324 2486 ferme
358 2466 495 2486 munera
562 2460 581 2488 3
623 2457 726 2488 siesse
754 2456 884 2497 Kreyss.
933 2455 1051 2497 (Gr-yn.
1086 2466 1226 2486 munera
1257 2456 1319 2487 sibi
1354 2456 1464 2496 ipsum
1498 2457 1636 2487 emisse:

220 2512 344 2549 filium)
372 2513 378 2553 j
407 2523 567 2554 accepere
635 2514 689 2551 19,
720 2518 732 2545 l
764 2524 838 2545 cum
867 2523 979 2553 regem
1003 2516 1007 2554 Ι
1030 2514 1242 2544 maiestatem
1306 2516 1324 2544 2
1351 2513 1525 2554 pilleatum
1548 2515 1553 2553 Ι
1576 2513 1634 2544 ob-

220 2581 309 2611 uiam
337 2581 458 2620 legatis
531 2585 550 2612 3
587 2581 780 2622 libertumq.
815 2583 841 2615 si
867 2573 915 2625 [ἦΤ
944 2582 1047 2614 ferret
1082 2583 1157 2613 ideo
1192 2581 1262 2623 Ma.
1291 2581 1363 2613 Em.
1395 2580 1468 2613 628
1515 2580 1634 2623 (Gr-yn.

219 2637 316 2675 ferre,
344 2644 377 2668 et
402 2638 495 2677 ideo)
