1753 2934
129 655 179 700 31

300 126 377 161 250
661 122 762 153 Liber
788 122 896 152 XLV.
955 123 1015 158 (A.
1044 131 1075 153 u.
1104 132 1130 152 c.
1159 123 1253 160 587.)

243 246 370 282 iuncta
402 245 459 281 his
491 244 692 280 Atintania
723 250 760 281 et
789 244 1011 293 Tymphaeis
1042 251 1078 281 et
1108 245 1310 282 Elimiotis.
1381 243 1542 292 Frigida
1571 244 1652 280 haec

243 315 365 351 omnis
405 315 578 362 duraque
618 314 720 350 cultu
761 321 798 351 ct
835 327 973 362 aspera
1010 314 1126 362 plaga
1163 321 1236 357 est;
1279 315 1465 351 cultorum
1498 326 1652 362 quoque

242 384 394 431 ingenia
424 390 533 419 terrae
562 384 700 420 similia
730 385 857 421 habet.
917 384 1142 420 Ferociores
1174 396 1239 420 eos
1271 391 1308 420 et
1333 384 1474 421 accolae
1495 384 1651 420 barbari

241 453 407 494 faciunt,
440 465 538 489 nunc
570 454 669 490 bello
701 461 932 497 exercentes,
972 466 1070 489 nunc
1101 455 1138 490 in
1169 466 1263 502 pace
1297 455 1495 490 miscentes
1526 466 1652 490 mores

241 534 342 558 suos.
411 522 549 558 Divisa
587 523 718 571 itaque
757 524 1007 567 Macedonia,
1062 524 1226 572 partium
1271 525 1400 560 usibus
1450 524 1650 572 separatis,

242 599 386 640 quanta
417 593 595 628 universa
629 600 729 637 esset,
761 594 937 629 ostendit.

312 662 548 698 Maecdoniae
564 662 730 699 formula
747 664 859 704 dietaq
878 676 960 699 cum
979 663 1083 711 leges
1101 675 1254 710 quoque
1271 675 1311 699 se
1327 663 1504 700 daturum
1523 671 1651 700 osten-

240 731 369 776 disset,
383 732 505 768 AEtoli
523 733 659 769 deinde
676 733 800 777 eitam
818 734 855 769 in
873 746 949 781 qua
967 733 1182 781 cognitione
1202 734 1335 781 magiS,
1363 743 1447 770 utra
1464 746 1553 782 pars
1571 735 1648 771 Ro-

239 802 375 845 manis,
390 809 473 837 utra
491 803 570 850 regi
593 802 971 851 favisset,quaesitun1
990 811 1182 850 est‚qua1n
1204 813 1287 839 utra
1304 803 1455 840 fecisset
1471 803 1649 840 iniuriam

240 880 303 907 aut
323 872 541 919 accepisset.
561 873 677 909 Noxa
693 873 843 909 liberati
860 873 1138 915 interfectores:
1157 874 1309 909 exilium
1329 874 1446 922 pulsis
1464 886 1570 921 aeque
1586 886 1649 910 ra-

239 947 316 976 tum
336 941 405 977 fuit
423 954 467 978 ac
485 955 586 978 mors
603 942 821 979 interfectis.
868 945 918 979 A.
939 943 1091 979 Baebius
1110 955 1204 979 unus
1222 951 1278 979 est
1295 944 1512 987 damnatus,
1545 944 1647 992 quod

242 1011 376 1047 milites
402 1013 599 1049 Romanos
626 1014 851 1061 praebuisset
876 1013 923 1048 ad
952 1013 1198 1049 ministerium
1219 1013 1342 1050 eaedis.
1394 1014 1466 1050 Hic
1491 1022 1650 1050 eventus

238 1081 459 1118 Aitolorum
488 1095 612 1118 causae
639 1083 675 1118 in
694 1083 869 1119 omnibus
888 1083 1047 1120 Graeciae
1064 1083 1240 1131 gentibus
1257 1084 1486 1132 populisque
1503 1096 1650 1128 eorum,

239 1151 301 1198 qui
333 1152 452 1199 partis
483 1154 744 1189 Romanorum
777 1152 939 1197 fuerant,
970 1153 1115 1190 inflavit
1148 1153 1194 1188 ad
1218 1153 1493 1190 intolerabilem
1515 1165 1648 1201 super·

237 1220 339 1256 biam
372 1222 520 1258 animos
552 1230 588 1258 et
619 1223 807 1258 obnoxios
839 1223 999 1271 pedibus
1039 1235 1168 1259 eorum
1191 1223 1362 1265 subiecit,
1394 1224 1489 1272 quos
1521 1224 1650 1272 aliqua

238 1298 347 1338 parte
376 1292 542 1340 suspicio
573 1292 719 1328 favoris
751 1293 788 1328 in
819 1305 946 1341 regem
979 1293 1204 1340 contigerat.
1250 1294 1345 1329 Tria
1374 1307 1516 1343 genera
1547 1295 1649 1343 prin-

237 1360 360 1407 cipum
394 1361 430 1396 in
463 1362 680 1398 civitatibus
712 1370 832 1407 erant,
863 1364 951 1407 duo,
980 1377 1063 1412 quae
1085 1364 1276 1400 adulando
1299 1371 1365 1400 aut
1386 1366 1647 1401 Rornanorum

236 1429 435 1478 imperium
481 1439 547 1468 aut
589 1432 794 1468 amicitiam
832 1446 964 1482 regum
1005 1434 1076 1470 sibi
1114 1434 1292 1482 privatim
1333 1446 1426 1482 opes
1457 1434 1650 1482 oppressis

236 1498 430 1536 faciebant
461 1502 696 1545 civitatibus;
729 1504 855 1539 media
885 1516 959 1538 una
983 1516 1097 1551 pars,
1132 1504 1283 1552 utrique
1312 1504 1442 1551 generi
1474 1504 1650 1547 adversa,

234 1569 446 1607 libertatem
481 1578 513 1608 et
542 1572 645 1621 leges
676 1574 866 1611 tuebatur.
928 1573 998 1609 His
1030 1580 1069 1610 ut
1099 1575 1215 1610 maior·
1246 1581 1337 1622 aput
1371 1585 1461 1610 suos
1493 1573 1647 1618 caritas,

234 1639 286 1675 ita
319 1641 442 1677 minor
472 1643 521 1678 ad
552 1650 729 1679 externos
769 1643 894 1691 gratia
925 1651 1019 1682 erat.
1093 1644 1278 1681 Secundis
1309 1645 1422 1680 rebus
1454 1645 1648 1680 Romano-

233 1724 315 1747 rum
351 1712 438 1748 elati
472 1713 592 1761 partis
623 1713 702 1748 eius
733 1713 904 1749 fautores
935 1714 1005 1749 soli
1037 1722 1114 1750 tum
1147 1715 1184 1750 in
1226 1714 1533 1762 magistratibus,
1577 1712 1648 1748 soli

234 1781 271 1816 in
303 1781 556 1829 legationibus
587 1791 707 1819 erant.
781 1784 833 1820 Hi
864 1796 949 1820 cum
980 1783 1198 1832 frequentes
1233 1791 1269 1820 et
1299 1797 1346 1820 ex
1378 1783 1647 1831 Peloponneso

234 1950 252 1977 2
279 1947 331 1978 his
345 1947 760 1988 autincaniaestrymepalis
779 1954 813 1979 et
831 1948 1022 1980 elimonites
1054 1947 1152 1990 Gryn.
1169 1947 1390 1979 etPalmerius
1419 1947 1647 1988 (Tymphaeis,

233 2004 291 2035 etsi
307 2005 332 2035 is
347 2004 568 2046 Stympliseis3
590 2004 688 2047 Gryn.
710 2012 742 2036 ct
757 2006 984 2047 Stymphalis)
1036 2006 1066 2039 7,
1087 2011 1104 2037 2
1125 2016 1221 2048 asper
1258 2010 1278 2037 4
1296 2012 1325 2037 et
1351 2009 1367 2036 5
1395 2006 1428 2036 in
1447 2006 1649 2046 paccmmis-

234 2069 347 2093 centes
375 2063 464 2093 riuos
493 2062 564 2104 My.
600 2064 721 2106 (Gryn.
751 2065 833 2095 ritus
860 2066 956 2103 suos)
1021 2064 1054 2102 8,
1085 2068 1096 2095 1
1135 2065 1246 2095 diuisa
1279 2065 1402 2104 aitquae
1440 2063 1648 2094 macedoniae

235 2119 306 2160 My.
324 2119 396 2151 Em.
417 2120 485 2152 612
511 2120 627 2163 (Gryn.
647 2122 773 2153 Divisae
787 2123 900 2162 itaque
918 2122 1139 2162 Macedoniae)
1185 2126 1202 2153 2
1223 2129 1349 2163 quanta
1363 2121 1650 2152 uniuersostendit

234 2179 426 2208 macedonae
440 2178 582 2209 formula
600 2179 671 2221 All-q.
683 2179 702 2211 I.
714 2191 739 2211 c.
757 2180 879 2221 (Gryn.
893 2187 1016 2219 quanta
1033 2181 1206 2211 universos
1221 2186 1332 2210 teneat
1346 2179 1564 2215 Macedonas,
1581 2178 1648 2209 sor-

233 2235 327 2265 mula
342 2253 385 2258 —
401 2237 610 2268 ostendisset.
627 2237 755 2278 AEtoli)
795 2237 927 2270 XXXI.
944 2238 974 2275 1,
991 2242 1009 2268 2
1026 2239 1256 2278 cognitionem
1285 2241 1303 2268 3
1321 2238 1410 2277 regis
1423 2238 1425 2276 ἶ
1438 2236 1649 2267 utresecisset

236 2291 366 2333 Kreyss.
385 2293 506 2335 (Gryn.
523 2295 587 2325 utri
603 2294 763 2326 fecissent
779 2313 816 2318 -·-
834 2297 1057 2336 accepissent)
1090 2295 1122 2333 2,
1143 2300 1154 2326 l
1174 2296 1295 2326 liberat
1316 2296 1320 2334 Ι
1343 2295 1376 2325 ἱη
1396 2295 1534 2325 exilium
1550 2294 1646 2325 sulsis

236 2353 253 2380 2
274 2350 337 2381 fuit
362 2358 419 2382 aut
446 2362 534 2383 mors
571 2352 603 2389 3,
636 2356 647 2383 1
679 2353 750 2384 haec
801 2357 819 2383 2
847 2363 950 2384 causa
973 2354 977 2392 Ι
1001 2353 1058 2390 (H.
1086 2354 1214 2394 gentis)
1263 2357 1282 2384 3
1310 2362 1525 2384 romanorum
1552 2352 1647 2383 infla-

233 2408 281 2438 uit
314 2408 446 2439 suerunt
469 2410 511 2440 ad
573 2414 590 2439 4
618 2411 786 2451 peditibus
851 2410 883 2448 4,
912 2415 929 2441 2
957 2418 994 2442 ut
1019 2422 1234 2442 romanorum
1286 2415 1305 2442 3
1333 2421 1430 2452 opem
1482 2415 1501 2441 4
1528 2410 1647 2440 ciuita-

233 2466 369 2496 temsibi
392 2467 396 2505 1
420 2476 485 2497 una
512 2468 644 2508 utrique
673 2467 743 2509 My.
773 2467 893 2510 (Gryn.
922 2470 1066 2500 medium
1093 2479 1207 2505 unum,
1235 2470 1366 2510 utrique
1393 2479 1425 2509 g.
1454 2467 1645 2507 adversum)

235 2527 252 2553 5
280 2523 470 2554 libertatem
496 2525 587 2565 leges
639 2526 671 2564 5,
705 2530 714 2556 l
746 2527 798 2557 his
825 2533 906 2568 aput
938 2531 956 2558 2
983 2528 1030 2558 ita
1056 2528 1163 2558 maior
1189 2528 1230 2558 ad
1254 2527 1259 2565 Ι
1282 2527 1382 2558 rebus
1408 2527 1506 2557 elatis
1535 2536 1645 2557 roma-

233 2590 351 2611 norum
379 2581 530 2622 impartis
559 2582 657 2624 Gryn.
685 2584 782 2623 (elati
810 2584 906 2615 Rom.
937 2586 1060 2625 partis)
1087 2591 1116 2616 ec
1142 2584 1213 2626 My.
1230 2584 1302 2616 Em.
1325 2583 1393 2616 612
1418 2585 1532 2624 (Rom.
1549 2584 1645 2623 elati)

234 2641 253 2668 8
280 2639 352 2669 eius
377 2638 525 2670 fautores
551 2641 622 2671 eius
648 2641 709 2672 soli
733 2642 738 2680 Ι
760 2642 794 2672 in
823 2643 1136 2682 magistrationibus
1200 2641 1232 2680 6,
1261 2642 1278 2675 1
1317 2641 1364 2672 hii
1387 2641 1392 2683 Ι
1413 2641 1646 2683 peloponneso
