1796 2929
257 674 278 707 ¹.)

233 884 276 916 10

232 1023 270 1056 11

230 1159 274 1193 12

376 141 448 176 148
718 137 819 168 Liber
843 137 970 168 XLIV.
1026 138 1083 174 (A.
1114 148 1143 169 u.
1173 147 1199 168 c.
1231 138 1327 177 585.)

315 259 450 295 silium.
511 258 608 294 Aliis
639 271 708 306 per
735 260 926 307 Pythoum
958 260 1136 307 placebat
1168 261 1251 305 via,
1283 260 1366 295 aliis
1396 272 1465 307 per
1492 259 1725 297 Cambunios

316 335 473 364 montes,
505 339 581 374 qua
610 327 738 374 priore
768 341 868 364 auno
890 329 1053 364 duxerat
1075 330 1261 365 Hostilius
1292 330 1443 374 consul,
1475 329 1558 364 aliis
1589 338 1726 377 praeter

315 396 540 432 Ascuridem
588 395 778 444 paludem.
850 399 1038 434 Restabat.
1091 399 1327 446 aliquantum
1375 399 1447 434 viae
1493 399 1724 441 communis;

313 466 440 512 itaque
477 466 514 500 in
551 466 588 501 id
629 472 797 513 tempus,
841 479 915 514 quo
955 480 1074 516 prope
1120 468 1323 504 divortium
1374 469 1549 504 itinerum
1599 475 1726 503 castra

312 535 471 582 posituri
513 543 639 580 erant.v
678 536 902 573 deliberatio
941 537 1019 572 eius
1057 537 1111 572 rei
1142 537 1326 574 differtur.
1389 539 1431 574 Iu
1464 538 1722 573 Perrhaebiam

311 605 398 640 inde
439 605 562 643 ducit,
603 612 639 640 et
678 606 775 641 inter
812 608 982 642 Azorum
1028 614 1065 642 et
1102 607 1289 642 Dolichen
1327 607 1468 642 stativa
1504 608 1638 643 habuit
1675 607 1723 643 ad

311 674 582 709 consulendum
614 687 766 719 rursus,
808 688 921 722 quam
954 676 1193 723 potissimum
1230 684 1446 723 capesseret
1475 677 1588 712 viam.
1650 678 1724 712 Per

310 744 462 779 eosdem
494 744 573 779 dies
605 745 789 781 Perseus.
821 758 904 780 cum
937 746 1248 794 adpropinquare
1279 746 1425 781 hostem
1457 746 1587 784 sciret.
1621 745 1723 793 quod

309 815 380 850 itm-
416 814 600 862 petiturus
639 820 759 857 esset,
803 814 970 861 ignarus.
1011 828 1141 852 omnes
1176 816 1295 851 saltus
1337 815 1500 850 insidere
1538 815 1721 862 praesidiis

309 884 449 919 statuit.
518 884 560 919 In
608 883 737 931 iugum
786 882 1085 920 Cambuniorum
1139 885 1320 920 montium
1373 884 1607 929 (Volustana
1651 884 1722 932 ipsi

309 954 464 997 vocaus)
498 954 536 989 X
559 953 662 989 milia
683 953 776 989 levis
798 960 1001 990 armaturae
1022 955 1200 990 iuvenum
1223 967 1306 989 cum
1331 954 1425 989 duee
1442 953 1720 1001 Asclepiodoto

309 1023 438 1063 mittin
466 1023 512 1058 nd
530 1023 740 1062 castellum,
776 1023 877 1070 quod
895 1035 1010 1072 super
1027 1023 1253 1060 Ascuridem
1273 1024 1451 1072 paludem
1470 1031 1551 1059 erat
1575 1023 1720 1070 (Lupa-

307 1094 393 1128 thus
409 1100 569 1128 vocatur
584 1093 718 1138 locus),
738 1093 901 1141 Hippias
919 1101 1047 1129 tenere
1069 1094 1205 1130 saltum
1225 1106 1308 1129 cum
1327 1093 1410 1128 XII
1429 1093 1571 1129 milium
1590 1094 1719 1129 Mace-

306 1163 447 1199 donum
479 1163 655 1211 praesidio
687 1163 822 1201 iussus.
885 1164 971 1211 Ipse
1001 1176 1085 1200 cum
1127 1164 1283 1210 reliquis
1315 1162 1434 1210 copiis
1465 1162 1588 1210 primo
1620 1163 1721 1198 circa

308 1231 422 1267 Dium
455 1232 598 1268 stativa
629 1233 779 1275 habuit;
811 1233 958 1277 deiude,
990 1234 1117 1270 credo.
1146 1246 1192 1269 ne
1215 1233 1457 1280 obtorpuisse
1486 1232 1598 1280 inops
1629 1244 1720 1267 ‹ron-

305 1301 376 1337 silii
407 1301 619 1339 videretur.
650 1314 732 1338 cum
767 1303 956 1350 equitibus
991 1303 1176 1350 expeditis
1208 1303 1316 1338 litore
1347 1313 1446 1338 nunc
1477 1302 1718 1345 Heracleum,

305 1383 402 1407 nunc
433 1371 584 1407 Philam
613 1373 871 1419 percurrebat.
903 1372 1035 1407 eodem
1067 1372 1156 1407 iude
1185 1383 1296 1406 cursu
1330 1371 1446 1406 Dium
1478 1377 1666 1419 repetens,

416 1442 571 1477 Interim
595 1441 740 1477 consuli
771 1442 958 1477 sententia
979 1442 1080 1477 stetit
1102 1453 1146 1477 eo
1168 1440 1266 1476 saltu
1289 1441 1438 1480 ducereq
1468 1441 1531 1476 ubi
1564 1447 1720 1488 propter

305 1511 528 1548 Ottolobum
552 1511 716 1546 diximus
738 1511 837 1558 regis
859 1519 985 1547 castra
1002 1513 1023 1533 *
1040 1512 1073 1546 *.
1106 1511 1289 1547 Praemitti
1310 1517 1437 1546 tamen
1455 1511 1512 1546 IV
1533 1510 1636 1546 milia
1659 1523 1719 1546 ar-

305 1587 493 1617 matorum
526 1581 573 1616 ad
605 1581 691 1616 loca
721 1587 939 1628 opportuna
969 1580 1275 1628 praeoccupanda
1304 1580 1467 1628 plac-uit,
1508 1580 1592 1627 quis
1622 1591 1717 1627 prze-

303 1651 416 1699 positi
456 1657 543 1686 sunt
572 1651 623 1686 M.
657 1649 858 1691 Claudius,
899 1650 945 1696 Q.
978 1650 1168 1693 Marcius,
1206 1650 1370 1686 consulis
1401 1649 1511 1685 tilius.
1578 1647 1717 1685 Confe-

303 1721 388 1757 stim
429 1727 466 1755 et
502 1721 688 1756 universae
729 1719 848 1767 copim
885 1720 1156 1766 sequebantur.
1225 1718 1404 1755 Ceterum
1453 1719 1549 1755 adeo
1594 1718 1716 1753 ardua

303 1798 339 1827 et
378 1803 515 1838 aspera
555 1796 591 1825 et
630 1790 862 1837 confragosa
895 1791 951 1825 via
983 1788 1072 1832 suit,
1114 1796 1155 1824 ut-
1184 1789 1368 1836 praemissi
1400 1788 1569 1835 expediti
1599 1788 1713 1823 biduo

300 1956 332 1994 6,
364 1960 375 1986 l
406 1961 543 1996 pytoum
576 1973 577 1978 =
611 1955 672 1986 alis
697 1965 756 1995 pei·
782 1955 1012 1985 cambunneos
1061 1958 1079 1985 2
1106 1953 1260 1985 hostibus
1283 1953 1400 1984 consul
1426 1953 1504 1984 ariis
1531 1958 1642 1994 preter
1693 1957 1712 1984 3

299 2024 467 2065 aspiridcn
517 2023 548 2061 7,
572 2027 590 2054 :2
617 2024 744 2063 itaquin
770 2023 802 2053 id
826 2025 830 2062 Ι
853 2024 940 2063 quod
969 2031 1072 2063 prope
1122 2026 1140 2051 3
1158 2010 1378 2052 ‹lel'eibcratio
1399 2022 1404 2061 1
1427 2019 1599 2051 differatur
1643 2021 1675 2059 8,
1696 2025 1706 2051 l

297 2082 487 2123 peri-obiam
567 2085 585 2111 2
625 2091 780 2119 gazorum
826 2086 859 2111 et
904 2080 1063 2120 dolycens
1114 2080 1238 2110 statiua
1335 2078 1378 2114 9,
1421 2081 1432 2109 l
1475 2088 1536 2119 pro
1574 2079 1710 2109 eosdem

298 2143 316 2170 3
357 2140 465 2170 omnis
550 2138 615 2177 10,
655 2142 673 2169 2
724 2139 881 2169 iuvenum
916 2148 1051 2178 pravum
1090 2147 1153 2168 esse
1190 2136 1352 2167 Creverius
1387 2135 1502 2171 sensit,
1537 2135 1595 2177 cfr.
1635 2135 1707 2166 Em.

297 2196 368 2228 559
393 2208 421 2227 η.
480 2196 594 2227 Fuitne
628 2196 711 2226 levis
746 2202 923 2227 armaturae
950 2194 1204 2234 alienigenum?
1250 2193 1304 2230 11‚
1335 2197 1344 2223 l
1378 2193 1569 2223 accuridcm
1594 2193 1710 2233 palue-

297 2271 347 2296 rat
397 2269 415 2296 2
444 2254 576 2296 ῐοηρτὶιο
625 2264 711 2298 12.1
742 2264 813 2304 ipse.
840 2274 916 2295 eum
935 2264 1085 2303 reliquiis
1135 2267 1152 2293 2
1181 2262 1302 2292 deinde
1322 2261 1406 2292 adeo
1423 2268 1460 2291 ut
1473 2248 1708 2302 obtorpouisse

298 2322 367 2363 My.
394 2322 467 2354 Em.
495 2321 710 2360 55915n0bs
749 2325 767 2351 3
795 2320 1035 2352 uidereeireum
1064 2320 1232 2361 equitibus
1274 2322 1276 2359 Ι
1316 2319 1506 2350 heracleam
1538 2317 1635 2350 Gron.
1688 2322 1707 2349 4

293 2391 394 2432 pilam
418 2391 423 2430 Ι
445 2392 501 2422 diu
528 2396 681 2432 repentes
758 2389 822 2427 ΙΙΙ,
850 2391 881 2428 1,
912 2394 923 2420 1
955 2389 1236 2421 sententinsstetit
1302 2393 1320 2418 2
1348 2375 1557 2438 oettolobum
1584 2386 1703 2428 (Gt-yn.

295 2459 508 2500 Octolopum‚
538 2459 670 2501 Kreyss.
700 2458 960 2499 Ortholophum)
985 2460 988 2498 Ι
1012 2459 1168 2489 duximus
1192 2459 1196 2497 1
1219 2462 1327 2488 castra
1353 2456 1509 2498 proemitti
1537 2455 1705 2487 Lacunam

294 2529 412 2559 notauit
439 2526 546 2568 Siyon.
596 2528 627 2565 2,
659 2532 671 2559 l
702 2518 875 2559 tamenuu
891 2532 1093 2558 armatorum
1145 2530 1162 2556 2
1192 2526 1247 2566 qui
1263 2525 1434 2567 praepositi
1497 2523 1529 2562 3,
1559 2528 1569 2555 l
1602 2525 1704 2555 ardeo

294 2590 310 2615 2
346 2584 546 2625 confragosa
581 2584 641 2615 suit
