1753 2934
252 101 273 136 S
795 99 997 138 Fragmenta

196 230 265 260 eius
291 229 438 269 (Romae)
466 230 627 260 incertum
656 230 742 259 unde
776 241 982 270 consurgens
1014 232 1147 262 flamma
1182 235 1403 274 consumpsit:
1446 244 1506 266 nec
1539 246 1601 267 un—

198 300 310 330 quam,
337 297 372 320 ut
398 291 442 320 ait
469 290 595 327 Livius,
623 291 747 322 maiore
772 290 928 322 incendio
954 298 1084 323 vastata
1106 300 1172 331 est3
1199 294 1284 324 adeo
1309 302 1345 326 ut
1370 302 1447 336 post
1471 296 1599 338 aliquot

196 360 302 381 annos
317 349 431 381 Caesar
450 351 626 390 Augustus
652 353 693 382 ad
721 352 962 393 reparationem
991 362 1119 393 eorum,
1147 363 1219 394 quae
1246 362 1323 386 tunc
1349 365 1467 388 exusta
1491 363 1600 398 eraut,

197 421 352 451 magnam
378 412 444 442 vim
473 413 622 453 pecuniae
648 422 688 443 ex
714 414 832 444 aerario
857 414 993 455 publico
1020 414 1159 454 largitus
1186 416 1238 446 sit.
1296 416 1385 448 Oros.
1423 417 1497 458 1'11,
1525 419 1560 452 2.

289 471 372 512 32*)
399 470 524 511 Caesar,
551 474 726 505 Rubicone
753 475 887 506 flumine
915 482 1132 514 transmeato,
1159 487 1239 508 mox
1266 484 1301 508 ut
1327 479 1522 511 Ariminum
1546 490 1600 512 ve—

196 534 260 570 nit,
295 534 440 575 quinque
467 535 638 573 cohortes,
673 546 755 575 quas
792 543 868 567 tunc
904 537 994 568 solas
1019 538 1186 575 habebut,
1221 548 1296 570 cum
1323 541 1460 579 quibus,
1494 547 1529 571 ut
1555 542 1601 573 ait

197 595 330 632 Livius,
367 596 481 626 orbem
515 602 675 628 terrarum
714 599 851 628 adortus
878 604 946 637 est,
982 599 1060 639 quid
1089 597 1176 630 facto
1203 608 1286 640 opus
1313 607 1417 638 esset,
1455 603 1599 634 edocuit.

201 655 290 688 Oros.
327 656 383 697 VJ,
410 656 462 688 15.

770 719 824 750 Ea:
849 719 900 750 lib.
931 718 1025 751 CA'J.

289 781 332 809 33
345 777 377 814 *)
403 778 537 809 Primus
569 778 698 810 hostem
734 781 896 820 percussit
926 789 1031 821 nuper
1063 781 1130 821 pilo
1159 789 1289 822 sumpto
1320 782 1426 823 primo
1455 782 1491 813 C.
1518 781 1600 814 Cra-

199 839 316 870 stinus.
373 838 565 870 Scholiastes
592 839 721 871 Lucani
743 840 790 872 (nl
814 841 930 872 Phars.
968 840 1043 879 Vll,
1074 841 1150 872 471.

288 899 371 943 34²⁸)
398 897 458 933 Ἐν
485 898 524 934 δὲ
553 901 728 946 Παταβίῳ
746 899 856 942 Γάιος
871 900 1083 946 Κορνήλιος,
1108 900 1197 946 ἀνὴρ
1224 900 1418 946 εὐδόκιμος
1439 902 1496 936 ἐπὶ
1513 916 1601 946 μαν-

197 963 289 1006 τικῇ,
325 962 478 996 Λιουίου
503 964 570 996 τοῦ
597 962 832 1006 συγγραᾳέως
858 964 1005 1006 πολίτης
1031 962 1090 997 καὶ
1115 963 1303 1007 γνώριμος,
1332 962 1520 1008 ἐτύγχανεν
1547 962 1600 999 ἐπ’

198 1023 341 1063 οἰωνοῖς
359 1022 568 1068 καθήμενος
587 1022 725 1068 ἐκείνην
746 1023 810 1069 τὴν
836 1021 982 1069 ἡμέραν.
1034 1024 1105 1059 Καὶ
1127 1027 1271 1069 πρῶτον
1287 1024 1363 1069 μὲν,
1392 1025 1437 1066 ὡς
1453 1025 1602 1066 Λιούιός

199 1095 306 1128 φησι,
343 1083 407 1118 τὸν
440 1084 570 1130 καιρὸν
604 1085 691 1130 ἔγνω
716 1089 779 1131 τῆς
804 1087 937 1131 μάχης,
972 1087 1031 1121 καὶ
1054 1085 1145 1130 πρὸς
1170 1086 1254 1128 τοὺς
1279 1088 1466 1132 παρόντας
1492 1085 1600 1128 εἶπεν,

199 1145 254 1181 ὅτι
280 1146 339 1180 καὶ
365 1145 409 1192 δὴ
436 1147 646 1191 περαίνεται
678 1146 718 1182 τὸ
745 1150 865 1193 χρῆμα
905 1149 966 1183 καὶ
1005 1151 1168 1183 συνίασιν
1195 1150 1243 1189 εἰς
1269 1149 1372 1194 ἔργον
1399 1150 1432 1184 οἱ
1459 1147 1601 1194 ἄνδρες·

198 1202 310 1248 αὖθις
346 1206 384 1242 δὲ
417 1207 509 1251 πρὸς
543 1211 586 1254 τῇ
610 1209 683 1255 θέα
708 1209 899 1254 γενόμενος
937 1211 995 1244 καὶ
1024 1210 1068 1245 τὰ
1105 1215 1231 1256 σημεὶα
1263 1211 1419 1246 κατιδὼν
1444 1210 1601 1257 ἀνήλατο

197 1268 270 1313 μετ’
298 1269 572 1314 ἐνθουσιασμοῦ
595 1272 693 1317 βοῶν
719 1273 882 1318 ,,Νικᾷς,
911 1267 1130 1316 ὦΚαῖσαρ“.
1178 1271 1448 1317 Ἐκπλαγέντων
1475 1271 1514 1307 δὲ
1531 1275 1602 1308 τῶν

198 1331 483 1376 παρατυχόντων
510 1331 682 1376 περιελὼν
716 1331 779 1367 τὸν
807 1332 989 1375 στέφανον
1021 1331 1094 1367 α’πὸ
1128 1335 1190 1378 τῆς
1227 1337 1387 1379 κεφαλῆς
1412 1333 1603 1378 ἐνωμότως

200 1391 270 1437 ἔφη
294 1392 342 1438 μὴ
368 1393 453 1438 πρὶν
480 1393 728 1440 ἐπιθήσεσθαι
754 1393 875 1436 πάλιν,
919 1390 939 1437 ἢ
967 1396 1009 1440 τῇ
1034 1394 1140 1439 τέχνῃ
1164 1398 1393 1441 μαρτυρῆσαι
1419 1395 1459 1431 τὸ
1487 1395 1603 1440 ἔργον.

206 1456 330 1488 Ταῦτα
352 1453 417 1498 μὲν
443 1449 509 1490 οὖν
537 1454 555 1491 ὸ
582 1454 730 1496 Λιούιος
759 1453 853 1490 οὕτω
884 1454 1055 1500 γενέσθαι
1080 1458 1400 1503 καταβεβαιοῦται.
1439 1459 1603 1491 Plutarch.

206 1516 282 1549 Coes.
310 1518 365 1549 47.

762 1587 817 1618 Ex
843 1587 892 1618 lib.
924 1586 1039 1618 CA'JI.

294 1651 334 1678 35
345 1647 374 1689 *)
401 1648 554 1686 Interea,
590 1650 675 1680 sicut
700 1649 785 1679 dixit
811 1649 940 1685 Livius,
979 1658 1157 1689 oppressus
1183 1655 1232 1680 est
1257 1648 1391 1680 Tubero
1418 1655 1449 1680 et
1474 1649 1603 1687 Pansa3

201 1707 357 1749 fugerunt
382 1711 423 1741 ad
451 1710 666 1751 Pompeium,
703 1720 803 1751 quum
838 1717 1074 1751 qnaerereutur.
1124 1710 1215 1741 Inter
1251 1710 1311 1741 has
1344 1721 1454 1742 moras
1490 1720 1605 1751 super-

199 1770 289 1801 venit
316 1770 415 1803 Curio
443 1772 485 1802 ad
503 1771 668 1803 Africam.
720 1770 910 1803 ,scholiastes
940 1773 1078 1803 Gronov.
1107 1772 1136 1802 in
1155 1770 1220 1805 Cic.
1243 1784 1302 1812 pro
1320 1772 1396 1813 L1'9.
1422 1771 1471 1803 ed.
1498 1771 1606 1819 Orelle‘t'

198 1842 230 1872 p.
257 1831 332 1863 415.

290 1896 348 1941 36)
388 1894 528 1932 Castra
571 1908 723 1943 quoque
764 1895 924 1931 diversis
970 1895 1142 1943 partibus
1183 1894 1339 1932 Cassius
1388 1902 1425 1931 et
1469 1897 1602 1944 Bogud

201 1965 326 2001 adorti
355 1966 457 2002 haud
488 1966 646 2002 multum
678 1965 820 2009 afuere,
850 1965 940 2013 quin
959 1978 1077 2013 opera
1095 1973 1392 2014 perrumperent.
1444 1972 1604 2004 Priscian.

212 2033 266 2071 VI,
297 2034 369 2066 636
394 2034 525 2068 Putsclz.
571 2035 637 2076 (st.
662 2034 698 2072 V,
730 2034 808 2072 0²43,
835 2035 888 2066 ubi
911 2046 948 2066 ez·
969 2034 1020 2065 ΙιἸ).
1043 2034 1170 2065 CXII*
1194 2035 1308 2065 citatur
1325 2045 1431 2065 nomen
1445 2033 1603 2076 Boqudis.

291 2097 350 2145 37)
383 2097 469 2144 Quo
499 2104 670 2146 tempore
698 2097 874 2133 firmandi
912 2097 1018 2145 regni
1050 2097 1220 2145 Bogudis
1250 2109 1368 2133 causa
1398 2098 1604 2134 exereitum

202 2167 240 2202 in
256 2166 430 2203 Africam
461 2168 635 2205 traiicere
665 2176 823 2204 conatus
853 2167 911 2203 sit.
961 2159 1122 2205 Prtaeci'an.
1151 2173 1213 2206 ibd.

293 2237 352 2287 38)
384 2237 539 2275 Cassius
575 2239 754 2287 gessisset
790 2250 874 2274 eum
906 2236 1101 2273 Trebonio
1140 2236 1301 2280 bellum,
1344 2237 1374 2273 si
1406 2237 1604 2285 Bogudem

201 2308 352 2345 trahere
382 2309 419 2344 in
447 2309 667 2345 societatem
698 2308 838 2345 furoris
868 2308 1065 2356 potuisset.
1111 2314 1271 2346 Priscian.
1300 2313 1362 2344 ibd.

294 2376 352 2420 39)
378 2378 518 2418 Legati,
557 2388 640 2419 quos
674 2388 734 2409 rex
767 2378 920 2416 miserat,
960 2377 1026 2407 duo
1062 2376 1215 2412 fuerunt,
1256 2384 1397 2415 quorum
1424 2385 1509 2407 unus
1535 2381 1606 2406 erat

204 2439 420 2471 Dioscorides
447 2445 479 2469 et
503 2439 588 2470 alter
614 2439 763 2481 Serapio.
814 2439 867 2470 Ex
892 2439 943 2470 his
969 2448 1055 2469 unus
1083 2438 1213 2468 occisus
1239 2443 1300 2474 est,
1327 2443 1363 2468 ut
1381 2436 1605 2468 TitusLivius

203 2501 356 2531 meminit
371 2501 458 2531 libro
473 2507 592 2541 quarto
608 2502 685 2532 belli
701 2501 815 2532 civilis.
855 2499 1047 2531 Scholiastes
1062 2499 1192 2530 Lucani
1203 2497 1249 2530 ad
1263 2498 1377 2530 Phar-s.
1393 2497 1442 2530 lib.
1460 2497 1507 2536 X,
1525 2496 1604 2530 471.

294 2563 351 2602 40)
378 2563 524 2593 Arsinoe
550 2572 642 2593 soror
660 2562 834 2593 Ptolemaei
861 2561 933 2593 suit.
984 2562 1081 2593 IIanc
1102 2560 1314 2600 Ganymedes
1340 2560 1474 2599 quidam
1501 2559 1605 2600 spado

203 2624 321 2665 puellae
347 2623 598 2664 acceptissimus
635 2624 669 2654 in
702 2630 809 2654 eastra
835 2623 981 2654 Achillae
1007 2623 1181 2663 perduxit.
1216 2623 1309 2653 cuius
1334 2623 1426 2652 iussu
1452 2620 1606 2652 Achillas
