1796 2929
482 124 583 155 Liber
607 123 734 155 XLIV.
785 124 846 160 (A.
875 122 953 155 chr.
987 126 1080 162 158.)
1369 125 1441 159 177

85 253 144 281 tus
184 251 278 281 erat.
337 246 431 292 Quae
467 247 672 293 conloquia
713 246 864 282 occulta
905 252 942 281 et
968 246 1182 294 legationes
1211 243 1373 280 infames
1414 243 1500 290 qui-

86 315 170 350 dcm
205 321 332 359 erant;
380 316 465 359 sed,
511 316 600 363 quid
641 322 766 352 actum
809 322 909 351 esset
953 315 1092 362 quidve
1129 313 1227 349 inter
1262 324 1372 360 reges
1410 324 1500 348 con-

86 385 264 428 venisset,
295 385 557 431 ignorabatur.
624 385 701 422 Res
733 391 859 420 autem
891 385 944 420 ita
974 395 1057 419 sese
1087 382 1232 419 habuit.

197 453 388 489 Eumenes
428 465 552 500 neque
591 452 686 489 favit
735 454 905 490 victoria}
942 453 1074 489 Persei
1112 464 1235 500 neque
1276 451 1376 486 bello
1417 463 1502 487 eum

87 522 218 558 iuvare
248 524 282 558 in
316 523 443 558 animo
474 523 627 564 habuit„
666 536 742 559 non
781 531 858 559 tam
892 523 981 570 quia
1011 528 1180 570 patcrnae
1211 521 1308 557 inter
1338 532 1402 556 eos
1433 519 1503 556 ini-

89 592 237 628 micitiae
268 598 387 636 erant,
417 592 586 640 ipsorum
619 593 715 629 odiis
752 593 849 628 inter
879 605 919 629 se
959 603 1146 635 accensae3
1185 603 1260 626 non
1295 604 1340 627 ca
1370 603 1502 638 regum

88 661 291 705 aemulatio,
322 668 363 697 ut
393 674 502 709 aequo
534 662 662 697 animo
695 663 838 699 Persea
865 669 992 698 tantas
1024 661 1143 709 apisci
1167 671 1259 707 opes
1279 666 1505 706 tantamque

89 731 264 778 gloriam,
297 738 441 779 quanta
472 732 656 767 Romanis
678 732 787 768 victis
809 745 892 768 eum
917 731 1109 775 manebat,
1136 730 1328 766 Eumenes
1355 728 1505 764 visurus

88 801 213 836 fuerit.
277 800 439 837 Ceterum
479 802 658 837 cernebat
696 809 731 837 ct
762 803 907 838 Persea
948 801 1024 836 iam
1063 800 1150 835 inde
1189 799 1237 835 ab
1279 799 1385 835 initio
1417 798 1506 835 belli

90 870 192 906 omni
227 870 341 906 modo
372 883 476 918 spem
508 872 614 919 pacis
645 877 855 918 temptasse
886 876 921 906 et
959 871 996 906 in
1027 870 1107 906 dies
1140 869 1283 917 magis,
1315 881 1390 916 quo
1416 880 1506 916 pro-

90 939 176 987 pior
199 940 469 976 admoveretur
491 947 626 983 terror,
650 940 742 976 nihil
766 952 890 987 neque
918 952 1032 988 agere
1057 939 1159 975 aliud
1177 951 1301 986 neque
1320 939 1508 986 cogitare;

91 1010 289 1046 Romanos
321 1022 484 1057 quoquc.
516 1010 607 1057 quia
637 1010 849 1046 traheretur
879 1010 1019 1045 diutius
1050 1021 1117 1057 spe
1147 1009 1317 1056 ipsorum
1353 1008 1507 1052 bellum,

92 1085 129 1115 et
158 1079 262 1127 ipsos
294 1079 408 1116 duces
438 1087 473 1116 et
506 1086 699 1120 senatum,
740 1091 817 1115 non
851 1079 1060 1116 abhorrere
1091 1091 1114 1114 a
1143 1078 1309 1115 finiendo
1341 1084 1419 1113 tam
1451 1077 1507 1113 in-

93 1150 296 1185 commodo
337 1160 382 1184 ac
424 1148 567 1185 difficili
611 1149 723 1185 bello.
796 1149 884 1185 Hac
923 1150 1122 1197 utriusque
1161 1148 1282 1196 partis
1312 1147 1510 1184 voluntate

93 1219 316 1268 explorata,
349 1219 450 1266 quod
481 1218 561 1254 fieri
594 1217 707 1254 etiam
739 1231 808 1255 sna
839 1225 974 1267 sponte
1004 1219 1116 1254 taedio
1149 1218 1369 1262 validioris,
1407 1223 1509 1253 metu

94 1289 312 1326 infirmioris
345 1289 527 1325 credebat
557 1300 684 1336 posse,
711 1289 750 1325 in
781 1301 825 1325 eo
856 1301 965 1325 suam
999 1300 1158 1336 operam
1189 1288 1389 1324 venditare
1421 1300 1510 1324 con-

95 1358 261 1394 cilianda
299 1359 424 1407 gratia
470 1358 592 1406 magis
632 1358 760 1406 cupiit.
823 1358 926 1395 Nam
974 1357 1102 1401 modo,
1138 1370 1185 1393 ne
1222 1357 1373 1393 iuvaret
1411 1357 1510 1393 bello

95 1428 294 1464 Romanos
324 1435 426 1464 terra
457 1428 652 1475 marique,
694 1427 809 1463 modo
840 1426 947 1475 pacis
978 1426 1177 1475 patrandae
1208 1438 1291 1463 cum
1323 1427 1510 1464 Romanis

95 1497 361 1545 paciscebatur
392 1497 623 1541 mercedem3
661 1509 709 1533 ne
750 1496 849 1533 bello
879 1497 1099 1541 interesset,
1141 1497 1238 1532 mille
1277 1497 1433 1541 talenta,
1472 1502 1513 1532 ut

89 1579 219 1616 pacem
242 1573 434 1616 patraret,
474 1567 516 1602 M
548 1573 583 1603 et
613 1568 664 1606 D,
735 1567 780 1603 In
820 1572 1024 1613 utrumque
1055 1578 1131 1602 non
1163 1566 1276 1602 fidem
1311 1566 1426 1602 modo
1458 1578 1511 1611 se,

97 1637 163 1673 sed
204 1627 356 1674 obsides
395 1649 548 1684 quoque
585 1637 678 1673 dare
714 1641 892 1684 parat-um
935 1648 1018 1671 esse
1049 1635 1288 1674 ostendebat.
1347 1636 1514 1672 Perseus

97 1705 148 1741 ad
178 1718 258 1742 rem
289 1706 544 1742 inchoandam
577 1706 886 1755 promptissimus
921 1711 1021 1751 erat,
1056 1711 1216 1753 cogente
1246 1712 1368 1750 metu,
1400 1711 1436 1741 et
1469 1706 1515 1742 de

98 1775 294 1812 obsidibus
326 1776 557 1824 accipiendis
591 1776 672 1812 sine
706 1775 889 1812 dilatione
919 1776 1082 1823 agebat,
1122 1782 1450 1822 conveneratque,
1475 1782 1518 1811 ut

100 1845 246 1893 accepti
278 1845 432 1882 Cretam
465 1846 714 1882 mitterentur.
773 1845 850 1883 Ubi
885 1845 932 1881 ad
964 1845 1135 1893 pecuniae
1165 1844 1396 1881 mentionem
1426 1855 1517 1879 ven-

101 1920 180 1951 tum
213 1921 306 1958 erat,
336 1915 389 1952 ibi
421 1916 636 1959 haesitabat,
668 1920 704 1950 et
735 1914 864 1962 utique
902 1915 1061 1951 alteram
1096 1915 1191 1951 tanti
1222 1912 1385 1949 nominis
1415 1911 1519 1960 regi-

105 2151 181 2189 11,1
195 2151 332 2191 quidam
350 2150 520 2189 XXV,1‚1
536 2160 610 2181 eum
625 2151 786 2181 inuadere
800 2151 912 2181 animo
922 2150 1179 2187 Forclzkammer,
1190 2149 1289 2181 Em.5
1299 2148 1399 2189 73(in
1411 2150 1522 2181 animo

105 2209 167 2240 iam
181 2207 302 2250 Siqua,
313 2209 428 2239 iuvare
440 2209 533 2239 etiam
542 2207 722 2248 Dobreus.)
750 2211 768 2238 3
781 2214 876 2238 erant
891 2218 992 2248 quam
1006 2209 1156 2249 ipsorum
1169 2207 1239 2248 2119.
1251 2207 1324 2239 Em.
1337 2207 1358 2238 5
1368 2206 1422 2238 73.
1439 2206 1524 2238 For—

108 2283 189 2309 tasse
202 2276 395 2308 scribendum
411 2276 518 2308 etiam:
545 2286 612 2307 non
627 2281 768 2313 tantum,
794 2276 873 2317 quia
921 2276 953 2313 2,
971 2280 990 2307 3
1004 2277 1104 2308 uictis
1130 2277 1329 2307 eumenebat
1351 2276 1356 2316 Ι
1378 2261 1525 2307 tuisurus

105 2335 140 2373 3,
171 2339 184 2366 l
214 2335 315 2366 suerit
341 2334 500 2365 cernebat
527 2333 598 2375 My.
626 2333 700 2365 Em.
728 2335 749 2364 5
760 2333 800 2364 74
833 2335 837 2372 Ι
871 2343 968 2374 perse
1044 2338 1062 2364 2
1089 2334 1123 2364 in
1150 2334 1237 2365 diem
1261 2334 1265 2373 Ι
1287 2335 1441 2375 proprior
1466 2334 1527 2364 ad-

107 2399 266 2424 mouetur
313 2391 346 2425 4,
366 2395 379 2422 1
399 2392 467 2432 spei
505 2390 536 2428 5,
551 2395 570 2422 3
586 2391 761 2422 uenditore
776 2391 1024 2422 conciliandam
1038 2393 1181 2429 gratiam
1208 2396 1227 2421 4
1247 2392 1340 2432 cupit
1358 2390 1527 2431 (Offendit

110 2461 227 2501 magis.
245 2459 332 2492 Num
344 2460 500 2500 magni?)
539 2459 571 2497 6,
588 2463 599 2490 1
616 2448 680 2499 neq
695 2460 826 2490 iuuaret
850 2463 868 2489 2
883 2460 976 2500 pacis
992 2461 1179 2501 patriamde
1205 2464 1224 2491 3
1239 2460 1415 2491 interesset
1428 2469 1479 2491 σο.
1498 2465 1530 2491 et

110 2529 141 2549 a.
169 2518 337 2549 Lacunam
372 2518 492 2548 notavit
527 2523 556 2548 et
586 2528 624 2548 eat
648 2518 734 2558 App.
763 2515 895 2548 sslaced.
931 2517 976 2548 13
1006 2516 1140 2558 explevit
1168 2516 1266 2549 Gron.
1292 2517 1410 2558 (verbis
1431 2517 1530 2558 paulo

110 2575 210 2614 aliis).
278 2575 308 2612 7,
340 2579 352 2606 1
391 2575 425 2605 in
459 2580 603 2615 utroque
639 2574 737 2606 Gron.
801 2574 832 2610 9,
861 2578 879 2605 2
907 2575 1047 2605 alteram
1080 2576 1113 2605 in
1148 2576 1231 2605 tanti
1263 2574 1336 2616 My.
1363 2575 1434 2605 Em.
1461 2574 1533 2606 574

116 2635 120 2671 ξ
149 2634 236 2672 regis

150 2697 247 2721 Livius
268 2703 303 2721 ex
322 2686 376 2720 τεεί
397 2695 541 2726 Madvigii.
583 2695 646 2720 Vn.
1229 2697 1268 2724 12

1535 246 1575 280 11
