1742 2902
721 675 905 726 Liber
963 676 1164 726 XLlll.

348 892 496 928 Eadem
516 897 659 936 aestate,
681 905 758 940 qua
778 893 814 928 in
836 893 1040 929 Thessalia
1073 894 1146 929 herc
1173 899 1276 940 qesta
1307 899 1403 940 sunt,
1420 894 1443 916 *
1459 893 1481 915 *
1502 893 1650 942 legatus

236 962 275 998 in
306 962 499 1010 Illyricum
531 974 553 997 a
584 962 738 998 consule
765 963 901 998 missus
923 963 1103 1011 opulenta
1126 964 1200 998 duo
1225 963 1367 1010 oppida
1395 963 1650 1011 oppugnavit3

238 1030 452 1068 Ceremiam
485 1032 522 1067 vi
553 1031 678 1080 adque
710 1033 825 1068 armis
857 1033 979 1080 coegit
1011 1033 1049 1068 in
1080 1032 1330 1076 deditionem,
1369 1033 1575 1080 omniaque
1604 1033 1650 1070 iis

237 1112 308 1136 sua
338 1102 536 1145 concessit,
567 1110 605 1137 ut
638 1102 818 1150 opinione
850 1102 1058 1138 clementiae
1088 1114 1165 1142 eos,
1197 1102 1259 1149 qui
1288 1100 1534 1145 Carnuntem,
1569 1115 1650 1140 mu-

237 1170 354 1206 nitam
387 1171 781 1211 u1·bem,incolebant,
814 1172 1005 1210 adiiceret.
1051 1173 1265 1218 Postquam
1289 1183 1370 1214 nec,
1400 1179 1440 1207 ut
1470 1172 1652 1208 dederent

235 1251 288 1284 se,
320 1240 536 1287 conpellere
566 1253 689 1288 neque
730 1245 872 1289 capere*
892 1241 1102 1288 opsidendo
1131 1248 1294 1289 poterat,
1325 1253 1372 1276 ne
1403 1241 1550 1277 duabus
1582 1254 1651 1290 op-

236 1310 534 1357 pugnationibus
575 1311 829 1358 nequicquam
874 1310 1057 1358 fatigatus
1099 1311 1205 1346 miles
1248 1318 1367 1354 essetf
1399 1323 1512 1358 quam
1546 1311 1650 1359 prius

234 1378 417 1415 intactam
457 1381 589 1416 urbem
629 1380 857 1428 reliquerat,
891 1380 1058 1428 diripuit.
1119 1380 1229 1416 Alter
1259 1380 1390 1416 consul
1421 1378 1464 1418 C.
1493 1379 1650 1418 Cassius

236 1460 306 1484 nee
336 1449 373 1484 in
404 1449 548 1494 Gallia,
580 1463 693 1498 quam
719 1451 876 1486 sortitus
898 1458 992 1495 eran
1024 1449 1271 1486 memorabile
1305 1450 1508 1498 quicquam
1532 1452 1652 1499 gessit

235 1525 272 1553 et
302 1531 370 1566 per
402 1519 596 1568 Illyricum
629 1520 766 1556 ducere
797 1520 966 1567 legiones
997 1521 1034 1555 in
1067 1520 1334 1556 Macedoniam
1367 1532 1467 1556 vano
1499 1521 1650 1569 incepto

237 1594 294 1623 est
327 1599 496 1626 conatuS.
559 1590 778 1637 Ingressum
811 1590 883 1626 hoc
914 1591 985 1626 iter
1015 1590 1230 1635 consulem,
1261 1597 1415 1626 senatus
1446 1603 1493 1627 ex
1524 1591 1649 1639 Aqui-

234 1656 430 1693 leiensium
454 1659 590 1707 legatis
612 1659 803 1707 cognovit,
835 1660 910 1707 (μή,
936 1666 1135 1707 querentes
1161 1660 1348 1696 coloniam
1375 1671 1484 1695 suam
1506 1649 1648 1697 novam

237 1733 273 1762 et
304 1727 513 1775 infirmam,
567 1731 727 1766 necdum
771 1730 864 1766 satis
907 1729 1090 1765 munitam
1132 1717 1229 1765 inter
1271 1729 1430 1766 infestas
1474 1730 1648 1767 nationes

236 1795 456 1834 Histrorum
498 1804 533 1833 et
563 1799 780 1847 Illyriorum
817 1811 918 1843 esse,
955 1811 1039 1834 cum
1071 1805 1260 1846 peterent,
1295 1806 1335 1835 ut
1365 1806 1519 1834 senatus
1550 1811 1649 1835 curae

234 1865 411 1911 haberet,
444 1869 638 1914 quomodo
670 1882 714 1904 ea
748 1869 899 1904 colonia
931 1868 1163 1912 muniretur,
1192 1868 1429 1917 interrogati,
1461 1868 1649 1904 vellentne

234 1948 317 1971 eam
350 1949 427 1972 rem
461 1936 505 1973 C.
539 1936 673 1973 Cassio
705 1938 850 1974 consuli
881 1937 1076 1981 mandari,
1120 1938 1420 1986 responderunt,
1459 1936 1648 1983 Cassium,

233 2006 453 2052 Aquileiam
485 2007 625 2043 indicto
657 2009 837 2052 exercitu,
871 2007 1083 2056 profectum
1124 2020 1193 2055 per
1223 2007 1415 2056 Illyricum
1446 2007 1484 2043 in
1514 2007 1647 2043 Maee-

235 2074 387 2110 doniam
420 2089 514 2112 esse.
574 2077 634 2114 Ea
664 2089 724 2113 res
754 2078 879 2126 primo
909 2077 1140 2113 incredibilis
1170 2077 1275 2122 visa,
1307 2084 1344 2113 et
1373 2089 1443 2125 pro
1473 2089 1515 2113 se
1545 2076 1648 2124 quis-

233 2248 259 2287 Ι,
279 2249 310 2284 1,
333 2254 344 2280 l
369 2258 465 2281 aetatc
495 2253 526 2282 in
549 2252 711 2283 thessalia
729 2252 861 2292 legatus
875 2250 937 2282 Kr.
971 2249 1090 2291 Leyate'
1104 2261 1210 2281 nomen
1229 2249 1387 2282 intercidit
1405 2262 1469 2288 nec,
1488 2256 1521 2281 ut
1533 2248 1645 2291 Siyon.

228 2308 365 2348 putavit,
395 2307 432 2344 Q.
451 2308 579 2339 Masius
597 2310 623 2340 is
640 2321 704 2340 esse
720 2310 829 2350 potuit.
847 2308 962 2351 (Gr-yn.
984 2308 1017 2337 iu
1039 2307 1215 2338 Thessalia
1233 2309 1375 2347 equestri
1396 2317 1511 2348 pugna
1537 2308 1648 2338 vicere

232 2376 388 2410 Romani,
401 2377 550 2416 legatus)
579 2383 595 2408 ‘2
611 2369 691 2409 coit—s
704 2368 846 2409 omissus
859 2379 861 2418 ξ
876 2365 1084 2418 oppugnnjui
1097 2376 1272 2406 ceremiam
1299 2375 1422 2413 H'ee'ss„
1436 2375 1507 2416 My.
1521 2374 1647 2407 IVomen

234 2433 318 2463 urbis
344 2434 488 2465 incertum
516 2441 568 2466 cot.
606 2436 722 2477 (Gi-yn.
751 2436 875 2476 oppida
901 2435 931 2465 vi
958 2433 1074 2473 atque)
1125 2433 1157 2471 2,
1184 2437 1198 2464 1
1227 2434 1417 2474 omniaquae
1442 2433 1469 2464 is
1519 2436 1538 2463 2
1566 2441 1647 2464 con-

234 2491 334 2522 cessit
359 2493 392 2522 in
419 2493 574 2532 opinione
598 2494 602 2529 l
626 2503 689 2532 que
716 2499 911 2523 carnuntem
933 2502 993 2532 cap
1011 2491 1175 2521 munitam
1224 2490 1256 2527 3,
1285 2495 1302 2520 2
1332 2490 1489 2531 conplere
1542 2493 1561 2520 3
1588 2499 1647 2520 ne-

234 2549 394 2590 quiquam
475 2553 494 2579 4
521 2550 667 2590 reliq‘rat
751 2549 782 2583 4,
822 2553 841 2580 3
881 2549 1055 2589 inlyricum
1080 2548 1085 2588 l
1107 2548 1249 2587 ligiones
1271 2548 1275 2587 Ι
1299 2548 1491 2578 madoniam
1566 2545 1599 2585 5,
1625 2549 1645 2576 2

233 2607 492 2646 quiq.;rcrentes
542 2611 561 2637 4
587 2613 771 2646 systrorum
822 2606 852 2644 7,
880 2610 898 2637 2
926 2606 1100 2646 inlyricum
1125 2607 1130 2646 Ι
1152 2606 1386 2637 macedoniam
1406 2615 1440 2637 se
1465 2614 1505 2636 ea
