1753 2934
504 134 604 166 Liber
629 134 755 166 XLIV.
786 135 844 174 (A.
876 134 952 164 Chr.
986 137 1075 169 168.)
1362 134 1434 170 187

1138 181 1153 191 2

79 255 307 300 Labeatum,
340 255 443 291 velut
472 262 658 293 secretum
690 255 815 292 locum
846 262 978 303 petens
1009 255 1057 291 ad
1079 254 1383 299 consultandum,
1414 255 1493 299 sed,
1530 258 1570 291 11

79 330 120 360 ut
150 325 349 373 apparuit,
388 323 488 361 falsa
526 337 593 373 spe
623 324 791 369 excitus,
831 322 1106 360 Caravantium
1148 323 1327 368 fratrem,
1366 323 1494 360 multis

80 394 231 430 milibus
262 400 496 430 armatorum
528 394 670 430 coactis
701 406 750 430 ex
780 405 826 429 ea
846 393 1014 441 regione,
1043 393 1080 429 in
1103 405 1215 441 quam
1242 393 1378 429 missus
1400 401 1493 437 erat,

80 463 301 500 adventare.
377 462 451 510 Qui
499 469 705 511 postquam
746 462 903 499 evanuit
946 473 1097 506 rumor,
1154 462 1265 498 tertio
1305 470 1392 510 post
1433 463 1494 499 die

78 544 214 569 navem
247 532 406 569 eandem
445 532 612 569 secundo
652 533 755 569 amni
785 531 973 570 Scodram
1004 531 1174 574 demisit,
1213 533 1494 580 praemissisque

78 602 230 646 nuntiis,
260 608 302 637 ut
331 602 401 638 sibi
433 601 651 650 appellandi
680 602 854 650 praetoris
886 608 1056 650 potestas
1086 602 1205 644 fieret,
1235 601 1348 648 copia
1376 601 1493 647 facta,

77 670 115 706 in
146 678 268 708 castra
300 672 419 715 venit;
450 677 486 707 et
517 671 742 721 principium
772 671 957 708 orationis
977 671 1026 706 ab
1053 670 1297 706 accusatione
1326 671 1493 708 stultitiae

78 753 187 777 orsus
217 753 318 786 suae,
349 747 543 789 postremo
586 741 633 777 ad
673 753 804 790 preces
840 741 1096 788 lacrimasque
1135 738 1298 784 effusus,
1334 741 1494 789 genibus

76 811 250 858 praetoris
297 810 471 846 accidens
511 811 548 846 in
587 817 815 859 potestatem
856 823 940 846 sese
992 809 1105 846 dedit.
1176 810 1308 846 Primo
1350 811 1492 847 bonum

77 880 245 916 animum
284 881 426 916 habere
455 880 604 925 iussus,
647 880 695 915 ad
737 892 870 916 cenam
903 879 1016 915 etiam
1048 879 1251 923 invitatus,
1291 879 1330 915 in
1361 881 1493 916 urbem

77 949 125 985 ad
156 961 245 986 suos
273 949 385 986 rediit
416 956 452 986 et
495 962 579 986 cum
612 956 775 998 praetore
809 961 853 985 eo
885 949 944 985 die
974 949 1183 985 honorifice
1213 956 1269 985 est
1300 950 1494 998 epulatus;

76 1018 212 1055 deinde
246 1019 283 1055 in
321 1020 534 1056 custodiam
567 1019 609 1056 C.
641 1019 777 1056 Cassio
815 1018 967 1054 tribuno
1007 1018 1167 1054 militum
1199 1019 1382 1064 traditus,
1428 1020 1494 1056 vix

75 1088 304 1137 gladiatorio
338 1097 508 1138 accepto,
539 1091 580 1126 X
611 1089 785 1133 talentis,
829 1089 877 1124 ab
898 1100 988 1136 rege
1008 1101 1090 1132 rex,
1133 1093 1174 1124 ut
1203 1087 1240 1123 in
1262 1100 1345 1124 eam
1372 1088 1493 1126 fortu-

75 1171 162 1194 nam
194 1159 412 1197 reccideret.

186 1229 358 1272 Anicius,
375 1228 524 1265 Scodra
539 1235 706 1277 recepta,
723 1227 816 1263 nihil
833 1227 938 1275 prius
960 1239 1074 1274 quam
1092 1227 1296 1275 requisitos
1313 1228 1492 1265 Petilium

75 1298 395 1346 Perpennamque
433 1298 581 1346 legatos
622 1298 671 1334 ad
711 1309 751 1333 se
793 1296 879 1332 duci
917 1296 1038 1332 iussit.
1098 1296 1246 1343 Quibus
1291 1297 1494 1345 splendore

75 1379 143 1403 suo
174 1368 369 1411 restituto,
403 1369 646 1416 Perpennam
679 1366 871 1414 extemplo
903 1366 1019 1402 mittit
1048 1366 1098 1402 ad.
1128 1368 1493 1415 conprehendendos

76 1437 220 1473 amicos
257 1443 521 1485 cognatosque
558 1437 679 1485 regis,
719 1437 784 1484 qui
825 1437 1066 1480 Meteonem,
1104 1437 1334 1473 Labeatium
1372 1438 1495 1486 gentis

75 1507 220 1551 urbem,
251 1507 469 1555 profectus,
511 1507 690 1543 Etlevam
730 1519 890 1543 uxorem
935 1518 1020 1542 cum
1054 1506 1140 1542 filiis
1178 1507 1341 1553 duobus,
1386 1508 1497 1545 Scer-

75 1575 210 1612 dilaedo
232 1576 507 1625 Pleuratoque,
538 1583 575 1613 et
596 1575 872 1614 Caravantium
902 1575 1061 1612 fratrem
1083 1575 1270 1614 Scodram
1300 1577 1339 1613 in
1370 1583 1498 1614 castra

75 1644 246 1681 adduxit.
280 1646 453 1690 Anicius,
474 1646 574 1682 bello
592 1646 746 1694 Illyrico
763 1645 863 1681 iutra
882 1646 1008 1682 XXX
1026 1646 1105 1682 dies
1121 1646 1304 1694 perfecto,
1320 1648 1493 1684 nuntium

75 1713 244 1751 victoriae
264 1716 506 1764 Perpennam
529 1717 694 1753 Romam
717 1715 829 1760 misit,
861 1723 897 1752 et
926 1724 1015 1764 post
1045 1716 1124 1752 dies
1146 1729 1290 1764 paucos
1310 1717 1494 1754 Gentium

74 1795 201 1832 regem
233 1784 357 1833 ipsum
385 1798 469 1822 cum
501 1793 671 1833 parente,
702 1786 864 1833 coniuge
893 1798 938 1822 ac
958 1786 1086 1822 liberis
1113 1799 1157 1822 ac
1186 1785 1305 1822 fratre
1336 1787 1497 1834 aliisque

74 1854 310 1902 principibus
350 1855 584 1904 Illyriorum.
642 1856 730 1891 Hoc
768 1868 884 1891 unum
927 1856 1067 1892 bellum
1098 1857 1203 1904 prius
1234 1862 1492 1903 perpetratum

76 1936 192 1971 quam
234 1931 398 1971 coeptum
429 1926 563 1962 Romae
601 1924 771 1961 auditum
813 1932 881 1962 est.

187 1994 335 2041 Quibus
357 1995 489 2031 diebus
510 1995 590 2031 haec
612 1995 837 2043 agebantur,
853 1995 1020 2031 Perseus
1037 2008 1190 2043 quoque
1206 1995 1243 2031 in
1261 2008 1401 2044 magno
1419 2003 1495 2032 ter-

75 2075 162 2100 rore
177 2070 271 2110 erat,
287 2071 445 2113 propter
463 2065 668 2101 adventum
686 2064 798 2100 simul
813 2064 950 2101 AEmili
966 2065 1057 2101 novi
1073 2065 1252 2109 consulis,
1280 2077 1391 2113 quem
1409 2079 1495 2102 cum

77 2263 96 2289 4
124 2266 271 2291 scretum
329 2261 383 2297 11,
413 2265 430 2291 2
457 2260 548 2292 farsa
571 2271 628 2301 spe
657 2263 766 2292 exitus
795 2262 1006 2293 carbantium
1056 2267 1075 2293 3
1102 2264 1185 2294 actis
1215 2263 1313 2295 Gron.
1390 2263 1445 2301 12,
1476 2268 1490 2295 l

76 2318 199 2348 tumori
295 2323 313 2348 2
352 2328 474 2349 nauem
512 2319 632 2349 adeam
667 2317 777 2360 Se'you.
820 2318 941 2360 (Gryn.
969 2320 1102 2357 eadem)
1180 2320 1234 2358 13,
1278 2325 1290 2352 l
1331 2321 1493 2362 Praeposl-

77 2387 168 2418 τίοηιζς
211 2387 254 2417 ab
291 2387 448 2427 posterior
487 2387 590 2418 littera
628 2388 734 2428 periit,
778 2387 891 2418 charta
930 2399 1050 2419 summa
1094 2388 1213 2429 oblique
1257 2388 1392 2421 desecta.
1475 2394 1493 2421 2

77 2461 169 2487 ortus
249 2465 373 2496 praeces
446 2455 508 2493 14,
547 2460 566 2487 3
605 2457 692 2487 redit
728 2456 733 2495 l
771 2456 966 2487 honorificae
1001 2462 1053 2487 est
1078 2458 1243 2497 aepulatus
1322 2458 1376 2495 15,
1408 2462 1420 2489 1
1452 2447 1492 2489 tr.

76 2511 121 2553 pl.
149 2513 292 2544 traditus
363 2512 514 2551 XXXII,
541 2513 573 2551 3,
604 2517 617 2545 1
664 2514 761 2556 Grgflz.
790 2513 991 2544 Medeonem
1015 2514 1020 2553 Ι
1040 2514 1246 2546 labenatium
1308 2519 1325 2545 2
1353 2516 1494 2547 cerdilio

81 2570 176 2602 Gron.
205 2570 322 2611 (Gr-yn.
354 2571 533 2610 Scerdilio)
577 2575 595 2602 3
618 2571 852 2612 pleuratioque
886 2571 890 2609 Ι
926 2571 1159 2602 curauantium
1218 2572 1252 2609 4,
1280 2576 1298 2603 2
1325 2583 1427 2604 romae
1474 2577 1493 2604 3

78 2645 240 2679 cuparent
265 2640 444 2679 coniugem
471 2649 511 2670 ac
539 2640 544 2679 Ι
576 2640 706 2679 alisque
767 2640 800 2678 5,
827 2645 848 2670 4
874 2647 1011 2681 propter
1037 2630 1051 2672 s
1077 2642 1261 2672 aduentum
1314 2660 1317 2661 ν
1373 2630 1493 2681 quaem

1532 467 1540 500 1

1530 672 1539 704 1

1530 811 1542 844 1

1533 1021 1571 1053 1-

1527 1649 1548 1682 4

1553 465 1573 500 2

1554 671 1574 705 3

1555 811 1573 844 4

1555 1032 1574 1055 ἱ)
