1753 2934
612 133 685 164 Lib.
713 132 1028 165 XXVII—XXIX.
1416 136 1458 171 31

121 269 267 294 venerat.
336 264 401 294 Res
431 269 591 305 proeterea
627 274 646 294 a
681 263 718 295 P.
746 263 900 304 Scipione
940 263 972 293 in
1000 264 1164 304 Hispania
1199 270 1231 295 et
1261 274 1280 294 a
1306 264 1342 295 P.
1372 264 1521 305 Sulpicio

122 330 260 366 praetore
286 326 442 357 adversus
467 324 659 366 Philippum
687 330 719 356 ct
747 324 888 355 Achaeos
915 329 1028 364 gestas
1055 325 1212 356 continet.

633 431 696 462 Ex
725 430 810 462 LIB.
838 430 1003 462 XXVIII.

214 507 279 539 Res
305 507 337 537 in
364 507 527 548 Hispania
555 517 712 549 prospere
743 513 847 547 gestae
879 517 899 538 a
925 507 1040 538 Silano
1067 508 1232 549 Scipionis
1268 510 1380 550 legato
1412 519 1444 542 et
1477 512 1519 543 ab

120 568 158 600 L.
187 567 343 609 Scipione
377 567 478 599 fratre
511 569 668 600 adversus
694 569 837 607 Poenos,
875 579 894 599 a
919 568 1068 609 Sulpicio
1103 580 1250 610 procos..
1286 573 1376 603 socio
1402 573 1519 605 Attalo

119 639 197 670 rege
227 630 325 667 Asiae,
352 630 510 661 adversus
529 630 722 671 Philippum
751 639 862 670 regem
890 630 1114 661 Macedonum
1141 641 1200 671 pro
1219 632 1344 664 AEtolis
1371 633 1519 665 reserun-

120 697 181 724 tur.
228 691 340 731 Quum
356 691 403 722 M.
424 691 518 722 Livio
544 697 576 722 et
603 691 744 723 Claudio
769 691 894 723 Neroni
920 701 1003 723 coss.
1033 692 1217 733 triumphus
1243 694 1394 726 decretus
1420 704 1517 735 esset,

117 753 240 791 Livius,
269 754 323 794 qui
351 755 382 784 in
409 753 577 794 provincia
603 763 663 783 sua
684 762 751 783 rem
771 759 931 793 gesserat,
959 754 1129 793 quadrigis
1156 755 1306 787 invectus
1331 763 1390 794 est,
1418 757 1517 798 Nero,

117 816 172 856 qui
198 816 231 845 in
257 815 394 855 collegae
420 814 638 855 provinciam,
675 822 711 845 ut
736 815 908 846 victoriam
936 815 1005 846 eius
1038 816 1220 853 adiuvaret,
1253 825 1398 856 venerat,
1431 829 1517 860 equo

117 882 250 908 secutus
276 881 342 913 est,
378 882 410 907 et
438 877 472 908 in
504 877 567 908 hoc
593 877 710 908 habitu
735 877 809 918 plus
835 876 949 917 gloriae
976 878 1235 919 reverentiaeque
1270 879 1404 918 habuit;
1437 891 1515 913 nam

117 943 150 970 et
173 939 248 979 plus
275 938 309 969 in
335 938 425 969 bello
450 948 547 979 quam
575 938 705 978 collega
730 938 865 969 fecerat.
923 938 1012 978 Ignis
1037 939 1071 969 in
1089 941 1159 970 aede
1174 940 1286 971 Vestae
1312 942 1519 982 negligentia

117 1000 267 1041 virginis,
298 1009 370 1041 quae
388 1010 456 1031 non
474 1001 686 1038 custodierat,
712 1001 896 1031 exstinctus
919 1006 985 1037 est3
1011 1010 1097 1032 caesa
1124 1007 1172 1032 est
1190 1001 1306 1042 flagro.
1350 1002 1387 1034 P.
1405 1003 1517 1046 Scipio

116 1064 148 1094 in
160 1053 325 1103 Hispania
349 1071 422 1092 cum
439 1062 552 1093 Poenis
579 1062 759 1093 debellavit
776 1067 895 1103 quarto
916 1063 1046 1093 decimo
1073 1072 1161 1094 anno
1188 1063 1258 1094 eius
1284 1064 1374 1101 belli,
1401 1066 1517 1104 quinto

114 1129 190 1166 post
204 1133 305 1162 anno,
332 1134 431 1163 quam
450 1124 542 1160 ierat,
569 1124 807 1165 praeclusisque
834 1124 866 1153 in
893 1129 997 1154 totum
1018 1125 1230 1164 possessione
1246 1126 1426 1166 provinciae
1446 1128 1517 1160 eius

115 1185 266 1216 hostibus
292 1184 471 1225 Hispanias
504 1185 646 1225 recepit;
685 1191 718 1215 et
742 1195 762 1215 a
787 1184 978 1216 Tarracone
1011 1185 1043 1216 in
1068 1185 1222 1217 Africam
1258 1187 1300 1217 ad
1328 1187 1515 1228 Syphacem

115 1256 226 1287 regem
258 1246 494 1286 Massyliorum
507 1241 534 1285 ¹)
573 1252 780 1277 transvectus
813 1245 923 1277 foedus
955 1247 1072 1278 iunxit.
1132 1248 1324 1280 Hasdrubal
1355 1248 1516 1291 Gisgonis

113 1308 159 1340 ibi
187 1318 260 1339 eum
287 1317 325 1338 eo
351 1308 384 1338 in
411 1308 526 1338 eodem
558 1307 646 1338 lecto
672 1308 814 1339 cenavit.
864 1308 988 1340 Munus
1021 1308 1255 1349 gladiatorium
1290 1312 1322 1341 in
1355 1312 1517 1344 honorem

114 1369 217 1411 patris
243 1370 417 1410 patruique
444 1368 641 1409 Carthagini
666 1369 761 1400 Nova
786 1370 900 1407 edidit,
938 1380 1006 1401 non
1031 1380 1072 1401 ex
1098 1371 1352 1411 gladiatoribus.
1388 1374 1445 1404 sed
1472 1383 1515 1405 ex

114 1430 164 1470 iis,
200 1430 254 1470 qui
281 1437 338 1461 aut
363 1431 396 1462 in
421 1431 584 1462 honorem
621 1432 715 1462 ducis
751 1437 807 1462 aut
843 1441 885 1462 ex
912 1433 1151 1473 provocatione
1178 1433 1444 1473 descendebant3
1481 1436 1515 1467 in

111 1502 176 1534 quo
211 1493 317 1533 reguli
350 1492 467 1524 fratres
494 1494 534 1524 de
569 1502 673 1533 regno
710 1492 798 1524 ferro
827 1493 1080 1525 contenderunt.
1135 1493 1244 1532 Quum
1274 1491 1405 1536 Gisia2)
1435 1497 1514 1528 urbs

110 1561 372 1595 oppugnaretur,
399 1555 558 1596 oppidani
574 1554 697 1586 liberos
717 1557 750 1584 et
771 1554 930 1594 coniuges
956 1565 1039 1595 rogo
1067 1562 1236 1588 exstructo
1262 1557 1457 1588 occiderunt
1482 1565 1513 1589 et

108 1625 144 1647 se
170 1617 305 1657 insuper
329 1617 630 1657 praecipitaverunt.
682 1615 757 1657 Ipse
785 1615 916 1657 Scipio,
953 1617 1030 1648 dum
1057 1619 1151 1658 gravi
1181 1619 1298 1649 morbo
1331 1620 1512 1660 implicitus

110 1683 169 1715 est,
196 1678 392 1709 seditionem
420 1677 452 1708 in
478 1682 572 1718 parte
598 1678 765 1708 exercitus
792 1682 917 1708 motam
945 1678 1160 1710 confirmatus
1176 1680 1330 1711 discussit
1345 1681 1512 1712 rebellan-

109 1744 224 1780 tesque
249 1739 421 1780 Hispaniae
446 1740 587 1780 populos
603 1740 712 1778 coegit
739 1740 772 1769 in
797 1739 1000 1770 deditionem
1026 1741 1148 1772 venire.
1177 1746 1220 1778 et,
1248 1743 1396 1773 amicitia
1421 1742 1511 1774 facta

107 1811 182 1832 cum
208 1800 387 1832 Masinissa
412 1809 490 1840 rege
515 1800 746 1837 Numidarum,
774 1802 828 1842 qui
854 1801 903 1831 illi
932 1801 1106 1837 auxilium,
1133 1802 1158 1833 si
1184 1802 1219 1833 in
1233 1802 1386 1834 Africam
1413 1805 1511 1835 traie-

107 1863 218 1900 cisset,
242 1862 475 1903 pollicebatur,
503 1871 576 1892 eum
603 1861 779 1894 Gaditanis
806 1872 938 1903 quoque
956 1867 1032 1903 post
1047 1863 1229 1895 discessum
1247 1865 1323 1895 inde
1340 1865 1509 1905 Magonis,

108 1922 378 1963 euiCarthagine
405 1922 563 1963 seriptum
590 1931 670 1961 crat,
705 1929 741 1954 ut
766 1924 799 1954 in
824 1924 957 1955 Italiam
985 1924 1160 1961 traiiceret,
1189 1926 1331 1957 Romam
1357 1937 1508 1960 reversus

107 1985 289 2025 consulque
333 1989 463 2015 creatus
509 1990 561 2016 est.
625 1984 776 2017 Africam
813 1985 1022 2027 provinciam
1064 1987 1210 2026 petenti,
1258 1990 1507 2021 contradicente

108 2046 146 2085 Q.
174 2047 283 2078 Fabio
308 2048 478 2088 Maximo,
527 2048 642 2081 Sicilia
681 2049 759 2079 data
789 2054 856 2083 est,
895 2047 1181 2088 permissumque,
1226 2055 1262 2079 ut
1295 2050 1328 2080 in
1354 2050 1507 2083 Africam

102 2108 288 2149 traiiceret,
327 2110 353 2141 si
390 2111 423 2141 id
456 2120 472 2141 e
508 2120 544 2142 re
569 2111 704 2152 publica
738 2119 808 2141 esse
844 2114 1004 2140 censeret.
1055 2109 1158 2148 Mago
1186 2110 1388 2144 Hamilcaris
1419 2112 1506 2145 filius

104 2179 124 2200 a
148 2170 276 2201 minore
300 2171 434 2202 Baleari
459 2171 580 2209 insula,
607 2173 662 2203 ubi
688 2171 903 2207 hiemaverat,
927 2170 961 2200 in
986 2169 1117 2201 Italiam
1145 2172 1283 2203 traiecit.

632 2277 695 2309 Ex
721 2277 808 2309 LIB.
836 2277 966 2309 XXIX,

192 2351 248 2383 Ex
282 2351 398 2385 Sicilia
432 2353 468 2385 C.
496 2354 619 2386 Laelius
657 2355 693 2385 in
731 2353 883 2385 Africam
920 2364 940 2384 a
977 2353 1134 2395 Scipione
1170 2356 1291 2387 missus
1335 2357 1503 2397 ingentem

100 2414 245 2454 praedam
272 2415 454 2455 reportavit
479 2421 510 2446 et
539 2416 697 2447 mandata
723 2415 910 2447 Masinissae
937 2415 1084 2457 Scipioni
1111 2418 1284 2458 exposuit,
1319 2418 1501 2459 querentis,

101 2474 190 2515 quod
223 2475 371 2506 nondum
399 2477 579 2508 exereitum
615 2478 650 2508 in
681 2477 829 2508 Africam
863 2478 1059 2509 traiecisset.
1117 2477 1250 2509 Bellum
1276 2479 1310 2510 in
1337 2480 1503 2521 Hispania

99 2534 228 2566 finitum
247 2536 371 2567 victore
389 2537 554 2577 Romano,
577 2539 666 2578 quod
682 2538 836 2570 Indibilis
857 2538 1076 2578 excitaverat3
1102 2540 1172 2581 ipse
1196 2541 1230 2571 in
1256 2540 1327 2572 acie
1355 2541 1497 2575 occisus.

173 2668 196 2696 ¹)
216 2669 434 2695 Masaesnliorum
456 2672 508 2697 Ην.
531 2680 554 2697 e.
579 2673 618 2696 17.
694 2671 722 2701 2)
743 2671 850 2702 Astapa
870 2674 922 2698 Lir.
946 2681 968 2697 c.
992 2674 1033 2697 22.
