1753 2934
244 128 265 163 2
273 128 294 164 8
807 126 976 157 Periochae

189 267 209 287 a
234 266 269 287 se
289 257 422 287 Italiam
444 257 673 287 iureiurando
700 258 995 297 adstringerentur.
1055 258 1195 299 Propter
1221 260 1422 299 paucitatem
1449 259 1590 291 militum

190 308 277 348 VleI
304 327 474 348 servorum
503 326 633 348 armata
665 326 752 350 sunt.
804 320 944 360 Captivi,
978 330 1080 360 quum
1112 326 1262 361 potestas
1288 326 1372 351 esset
1397 321 1592 361 redimendi,

191 379 350 419 redempti
378 388 443 409 non
474 386 559 410 sunt.
611 379 778 411 Praeterea
802 382 1057 422 trepidationem
1090 381 1180 412 urbis
1207 387 1239 412 et
1270 381 1395 411 luctum
1423 388 1455 412 et
1481 392 1532 413 res
1557 383 1591 413 in

191 440 354 480 Hispania
373 440 508 470 meliore
522 447 640 471 eventu
661 448 770 481 gestas
788 443 945 473 eontinet.
997 442 1131 483 Opimia
1149 448 1181 472 et
1198 442 1371 473 Florentia
1380 439 1411 482 ¹)
1435 442 1593 474 Vestales

190 501 336 540 virgines
362 501 478 532 incesti
506 502 674 533 damnatae
700 509 787 534 sunt.
841 503 985 534 Varroni
1021 503 1153 534 obviam
1186 505 1268 534 itum
1303 509 1335 533 et
1359 505 1473 544 gratiae
1499 511 1593 543 aetae,

191 564 279 602 quod
310 564 350 593 de
377 573 410 593 re
434 563 570 603 publica
595 575 663 595 non
688 565 908 606 desperasset.

724 672 786 702 Ex
814 672 901 704 LIB.
929 671 1060 703 XXIII.

289 745 451 786 Campani
488 747 531 776 ad
567 747 792 778 Hannibalem
830 748 991 779 defecere.
1052 748 1196 780 Nuntius
1234 748 1420 781 Cannensis
1452 752 1597 783 victoriae

192 806 297 846 Mago
314 805 555 847 Carthaginem
582 808 704 839 missus
731 809 850 840 anulos
874 820 993 840 aureos
1009 811 1204 851 corporibus
1224 811 1409 843 occisorum
1428 813 1597 845 detractos

194 869 227 899 in
253 869 417 900 vestibulo
452 870 551 899 curiae
584 869 718 908 effudit,
753 881 837 911 quos
871 871 1058 902 excessisse
1087 872 1188 902 modii
1219 882 1408 904 mensuram
1443 875 1596 906 traditur.

193 931 275 961 Post
302 941 401 971 quem
428 932 579 962 nuntium
608 932 746 971 Hunno,
779 933 829 963 vir
855 942 898 962 ex
922 932 1037 963 Poenis
1061 933 1246 970 nobilibus,
1279 935 1444 966 suadebat
1468 936 1597 968 senatui

194 991 540 1034 Carthaginiensium,
578 1001 613 1024 ut
647 1004 763 1035 pacem
797 1006 815 1025 a
848 995 973 1036 populo
1000 994 1153 1024 Romano
1179 1001 1349 1035 peterent,
1385 1005 1445 1026 nec
1480 997 1597 1033 tenuit,

195 1054 408 1095 obstrepente
439 1055 586 1087 Barcina
620 1055 778 1088 suctione.
835 1055 996 1087 Claudius
1029 1055 1211 1086 Marcellus
1244 1063 1364 1097 praetor
1397 1058 1438 1087 ad
1464 1057 1599 1089 Nolam.

197 1117 368 1157 eruptione
403 1118 561 1148 adversus
594 1118 822 1149 Hannibalem
859 1128 901 1149 ex
936 1117 1060 1159 oppido
1092 1116 1200 1154 sacta,
1236 1128 1392 1159 prospere
1423 1119 1598 1159 pugnavit.

195 1177 382 1209 Casilinum
409 1189 428 1209 a
453 1179 566 1210 Poenis
593 1180 766 1210 obsessum
793 1181 838 1210 ita
866 1178 955 1210 fama
980 1187 1137 1210 vexatum
1165 1185 1231 1217 est,
1274 1187 1309 1210 ut
1341 1180 1411 1210 lora
1439 1188 1470 1210 et
1494 1181 1601 1222 pelles

193 1240 296 1271 scutis
334 1241 502 1271 detractas
539 1247 571 1271 et
608 1252 717 1272 mures
757 1241 877 1272 inclusi
911 1247 1021 1272 essent
1060 1247 1087 1271 et
1124 1241 1265 1272 nucibus
1304 1251 1363 1282 per
1394 1242 1600 1274 Vulturnum

192 1311 325 1331 amnem
352 1312 372 1332 a
397 1302 561 1333 Romanis
587 1303 696 1334 missis
723 1304 876 1334 vixerint.
935 1303 1080 1334 Senatus
1114 1312 1156 1334 cx
1181 1305 1325 1343 equestri
1352 1304 1467 1335 ordine
1493 1305 1600 1335 homi-

191 1363 290 1394 nibus
313 1361 476 1394 CXCVII
503 1365 675 1405 suppletus
701 1370 762 1395 est.
814 1364 852 1395 L.
869 1364 1062 1396 Postumius
1088 1372 1209 1406 praetor
1235 1375 1254 1395 a
1271 1365 1376 1396 Gallis
1404 1374 1480 1395 cnm
1506 1374 1603 1395 exer·

195 1425 263 1455 citu
290 1435 397 1456 caesus
424 1432 485 1457 est.
537 1425 598 1457 Cn.
628 1432 659 1457 et
674 1427 711 1457 P.
731 1425 905 1466 Scipiones
933 1427 966 1456 in
993 1426 1155 1467 Hispania
1177 1426 1423 1457 Hasdrubalem
1449 1427 1600 1457 vicerunt

194 1494 227 1517 et
252 1487 448 1527 Hispaniam
477 1497 570 1518 suam
598 1487 760 1518 fecerunt.
801 1487 964 1527 Reliquiae
986 1486 1175 1519 Cannensis
1204 1488 1370 1518 exercitus
1397 1488 1429 1518 in
1449 1488 1601 1520 Siciliam

195 1549 350 1588 relegatae
375 1554 462 1586 sunt,
490 1559 531 1580 ne
557 1549 747 1580 recederent
776 1550 852 1579 inde
879 1549 942 1579 nisi
968 1549 1062 1581 finito
1089 1550 1189 1581 bello.
1251 1549 1468 1590 Sempronius
1494 1547 1601 1580 Grae-

195 1611 277 1641 chus
309 1620 376 1663 eos.
405 1609 595 1651 Campanos
628 1611 756 1642 cecidit.
819 1610 980 1642 Claudius
1007 1611 1189 1642 Marcellus
1214 1607 1373 1652 praetor2)
1401 1610 1604 1643 Hannibalis

195 1672 379 1702 exercitum
410 1673 451 1702 ad
466 1671 588 1702 Nolam
615 1673 733 1714 proelio
760 1672 846 1704 fudit
871 1679 903 1703 et
927 1673 1017 1711 vicit,
1044 1673 1235 1713 primusque
1262 1679 1311 1703 tot
1328 1673 1479 1704 cladibus
1505 1673 1602 1704 sessis

194 1733 356 1765 Romanis
383 1733 554 1765 meliorem
579 1744 671 1774 spem
698 1735 776 1765 belli
801 1734 902 1764 dedit.
954 1733 1046 1764 Inter
1060 1734 1251 1775 Philippum
1265 1735 1473 1765 Maccdoniae
1489 1744 1600 1775 regem

196 1802 227 1826 et
261 1796 487 1827 Hannibalem
531 1796 672 1826 societas
718 1797 830 1826 iuncta
871 1802 930 1826 est.
994 1796 1160 1826 Praeterea
1193 1797 1226 1826 in
1263 1796 1428 1837 Hispania
1460 1791 1603 1827 feliciter

195 1869 214 1889 a
251 1858 288 1889 P.
338 1863 371 1888 et
411 1856 465 1888 Cn.
506 1855 723 1898 Scipionibus,
777 1868 807 1887 ιιι
852 1856 1010 1888 δανᾶίηία,
1053 1858 1093 1887 ab
1129 1857 1166 1888 T.
1204 1857 1334 1888 Manlio
1370 1864 1509 1899 praetore
1543 1858 1602 1889 ad-

195 1930 309 1951 versus
334 1919 458 1950 Poenos
491 1929 543 1949 res
578 1925 688 1959 gestas
722 1919 887 1955 continet,
926 1929 945 1949 a
977 1919 1096 1959 quibus
1122 1919 1314 1950 Hasdrubal
1347 1921 1417 1950 dux
1442 1926 1474 1950 et
1499 1919 1603 1960 Mago

196 1987 228 2013 et
253 1981 376 2012 Hanno
404 1982 501 2021 eapti.
562 1980 741 2012 Exercitus
767 1980 966 2011 Hannibalis
1001 1990 1060 2021 per
1090 1980 1229 2011 hiberna
1255 1981 1301 2011 ita
1326 1981 1514 2013 luxuriatus
1542 1987 1602 2021 est,

197 2049 231 2074 nt
253 2043 401 2084 corporis
427 2043 595 2083 animique
623 2043 747 2074 viribus
773 2049 996 2074 enervaretur.

733 2149 795 2180 Ex
823 2149 909 2180 LIB.
936 2148 1066 2180 XXIV.

290 2225 516 2266 Hieronymus
544 2225 829 2266 Syracusanorum
856 2236 926 2263 rex,
955 2226 1047 2257 cuins
1074 2221 1206 2267 pater-³)
1233 2225 1335 2256 Hiero
1361 2225 1489 2256 amicus
1514 2235 1546 2266 p.
1562 2225 1602 2257 R.

197 2287 316 2325 suerat,
344 2288 386 2318 nd
407 2287 703 2327 Carthaginienses
725 2287 849 2319 defecit
875 2294 907 2318 et
932 2293 1066 2329 propter
1091 2287 1322 2318 crudelitatem
1349 2286 1604 2328 superbiamque

197 2358 217 2378 a
251 2349 318 2379 suis
356 2348 550 2379 interfectus
584 2355 646 2379 est.
709 2349 782 2379 Tib.
816 2348 1035 2389 Sempronius
1069 2348 1243 2380 Gracchus
1277 2358 1408 2389 procos.
1446 2358 1603 2389 prospere

197 2409 359 2440 adversus
388 2409 512 2441 Poenos
545 2416 577 2441 et
608 2410 811 2440 Hannonem
846 2410 961 2440 ducem
999 2409 1040 2440 ad
1076 2410 1306 2440 Beneventum
1340 2411 1504 2451 pugnavit
1535 2419 1603 2441 ser-

197 2480 313 2502 vorum
347 2471 495 2501 maxime
530 2481 648 2512 opera,
688 2481 772 2511 qnos
806 2471 930 2502 liberos
962 2480 1032 2502 csse
1071 2472 1177 2503 iussit.
1234 2469 1396 2502 Claudius
1422 2471 1604 2502 Marcellus

198 2541 265 2582 eos.
294 2532 327 2562 in
351 2531 477 2570 Sicilia,
505 2542 578 2573 quae
604 2543 707 2574 prope
733 2540 802 2564 tota
828 2534 869 2563 ad
892 2533 1016 2565 Poenos
1040 2532 1220 2570 defecerat,
1249 2533 1435 2574 Syracusas
1462 2533 1602 2564 obsedit.

272 2665 299 2697 ι)
319 2665 448 2690 Floronia
470 2668 522 2692 Lie.
545 2676 566 2692 c.
588 2669 629 2691 όῖ.
707 2667 734 2689 ²)
755 2666 901 2696 proconsul
927 2668 978 2691 Liv.
1001 2675 1023 2691 c.
1048 2669 1088 2692 32.
1167 2666 1194 2695 ⁸)
1213 2673 1282 2690 avus
1303 2667 1356 2691 Lir.
1377 2675 1399 2692 c.
1420 2668 1444 2690 a.
