1753 2934
615 174 688 205 Lib.
716 171 995 204 XCVH—Cm.
1401 174 1449 208 65

105 306 237 337 urbium
275 305 474 338 deditiones.
530 304 715 346 Pompeius
751 304 916 335 rationem
956 303 1080 340 reddit,
1131 302 1195 334 hoc
1238 311 1272 333 se
1304 301 1415 333 facere
1451 301 1508 332 de-

105 368 228 399 buisse.

687 439 751 471 Ex
779 439 866 471 LIB.
895 438 931 471 C.

206 515 244 548 C.
272 517 434 548 Manilius
459 522 499 547 tr.
526 515 570 556 pl.
601 526 724 556 magna
750 517 980 557 indignatione
1007 515 1192 546 nobilitatis
1219 514 1327 553 legem
1354 512 1448 551 tulit,
1475 517 1511 542 ut

106 578 270 620 Pompeio
285 579 551 610 Mithridaticum
572 577 695 608 bellum
716 579 943 608 mandaretur.
999 576 1120 607 Contio
1140 576 1209 606 cius
1229 575 1328 604 bona.
1379 572 1419 610 Q.
1437 572 1509 603 Me-

107 640 206 671 tellus
232 641 426 680 perdomitis
453 639 671 670 Cretensibus
700 640 813 670 liberae
851 640 883 669 in
920 640 950 669 id
990 645 1119 678 tempus
1145 636 1262 668 insulae
1288 635 1378 674 leges
1405 634 1508 666 dedit.

111 701 171 734 Cn.
191 701 373 742 Pompeius
402 702 442 732 ad
471 702 654 741 gerendum
678 701 802 731 bellum
823 701 982 730 adversus
1003 698 1220 730 Mithridaten
1239 696 1409 738 profectus
1435 705 1510 726 cum

109 772 186 802 rege
213 762 412 793 Parthorum
441 762 586 793 Phraate
624 762 804 792 amicitiam
833 762 1017 798 renovavit3
1055 760 1197 800 equestri
1235 758 1353 799 proelio
1378 758 1512 788 Mithri-

109 825 208 854 daten
248 824 334 854 vicit.
396 822 562 854 P1aeterea
600 823 725 855 bellurn
766 823 852 853 inter
885 823 1052 853 Phraaten
1093 831 1205 861 regem
1238 819 1441 850 Parthorum
1480 824 1513 849 et

111 885 280 925 Tigranen
312 885 570 926 Armeniorum,
611 895 651 916 ac
689 885 809 915 deinde
850 885 936 914 inter
972 883 1077 914 filium
1111 882 1281 922 Tigranen
1318 887 1511 922 patremque

109 952 240 987 gestum
268 947 427 977 continet.

687 1037 748 1067 EX
774 1036 860 1067 Llss.
889 1035 945 1068 CI.

203 1115 265 1148 Cn.
291 1116 474 1157 Pompeius
499 1114 721 1145 Mithridaten
751 1120 918 1144 nocturno
944 1112 1063 1152 proelio
1098 1112 1220 1141 victum
1248 1109 1357 1148 coegit
1382 1108 1514 1149 Bospo-

110 1188 182 1209 rum
207 1177 400 1219 prol'ugere.
450 1176 623 1215 Tigranen
643 1177 674 1205 in
699 1176 904 1206 deditionem
931 1173 1061 1213 aceepit
1087 1173 1194 1212 eique,
1223 1171 1387 1211 ademptis
1405 1170 1513 1210 Syria,

109 1238 287 1278 Phoenice,
324 1238 461 1275 Cilicia,
497 1247 636 1277 regnum
663 1236 834 1267 Armeniae
862 1234 1016 1266 restituit.
1068 1231 1264 1263 Coniuratio
1291 1242 1423 1268 eorum,
1458 1231 1515 1270 qui

110 1300 145 1330 in
171 1300 334 1340 petitione
363 1299 557 1330 consulatus
582 1299 728 1329 ambitus
758 1297 905 1327 damnati
933 1302 1043 1332 erant,
1079 1293 1170 1324 sacta
1203 1294 1243 1323 de
1277 1292 1514 1323 interficiendis

112 1361 307 1392 consulibus
333 1370 493 1401 oppressa
519 1366 580 1391 est.
641 1359 702 1389 Cn.
722 1359 903 1399 Pompeius
930 1367 1030 1398 quum
1055 1355 1273 1386 Mithridaten
1300 1364 1515 1395 persequere-

112 1428 182 1462 tur,
224 1423 257 1452 in
295 1423 428 1452 ultimas
463 1422 663 1461 ignotasque
698 1426 813 1460 gentes
847 1418 1046 1459 penetravit.
1102 1418 1247 1448 Hiberos
1279 1417 1515 1456 Albanosque,

113 1483 168 1522 qui
195 1483 372 1514 transitum
402 1493 465 1513 non
495 1483 639 1518 dabant,
677 1481 796 1522 proelio
830 1480 922 1510 vicit.
977 1478 1145 1509 Praeterea
1170 1478 1284 1518 fugam
1314 1478 1516 1510 Mithridatis

109 1554 171 1586 per
198 1544 347 1576 Colchos
373 1544 636 1583 Heniochosque
663 1550 695 1573 et
720 1551 772 1572 res
800 1542 841 1572 ab
869 1551 908 1571 eo
934 1540 967 1570 in
993 1540 1146 1580 Bosporo
1173 1546 1285 1579 gestas
1313 1539 1472 1570 continet.

673 1647 737 1678 EX
762 1646 851 1677 LIB.
881 1645 953 1677 CII.

205 1725 266 1757 Cn.
288 1725 470 1765 Pompeius
495 1726 530 1755 in
562 1725 743 1765 provinciae
780 1722 922 1753 formam
949 1721 1097 1752 Pontum
1134 1720 1273 1759 redegit.
1322 1720 1516 1751 Pharnaces

110 1787 198 1818 filius
222 1787 432 1818 Mithridatis
458 1786 586 1816 bellum
613 1786 697 1826 patri
724 1784 848 1815 intulit.
899 1784 955 1815 Ab
983 1793 1021 1813 eo
1047 1782 1261 1813 Mithridates
1294 1782 1456 1813 obsessus
1483 1783 1517 1813 in

111 1849 222 1889 regia,
259 1858 362 1889 quum
389 1857 520 1878 veneno
546 1854 680 1887 sumpto
707 1856 824 1887 parurn
851 1844 1048 1886 profecisset
1082 1844 1123 1874 ad
1159 1850 1322 1880 mortem,
1357 1854 1377 1873 a
1412 1844 1518 1874 milite

114 1909 214 1942 Gallo
240 1910 376 1940 nomine
400 1909 541 1945 Bitoco.
568 1919 587 1938 a
614 1917 692 1947 quo,
725 1914 762 1938 ut
787 1908 960 1938 adiuvaret
983 1916 1029 1942 se,
1056 1906 1207 1947 petierat,
1233 1904 1428 1935 interfectus
1455 1910 1516 1936 est.

114 1971 176 2003 Cn.
203 1971 386 2012 Pompeius
411 1970 545 2000 Judaeos
572 1970 715 2009 subegit,
741 1969 857 2000 sanum
886 1979 999 1999 eorum
1026 1966 1281 2006 Hierosolyma,
1317 1966 1518 1997 inviolatum

114 2038 191 2063 ante
210 2033 243 2063 id
262 2039 405 2074 ternpus,
434 2033 532 2072 cepit.
582 2031 622 2062 L.
646 2031 802 2066 Catilina.
830 2031 881 2061 bis
902 2029 1069 2070 repulsam
1091 2029 1124 2058 in
1142 2028 1303 2069 petitione
1325 2029 1520 2060 consulatus

114 2104 246 2135 passus,
273 2104 348 2124 cum
363 2093 510 2125 Lentulo
536 2100 676 2134 praetore
704 2099 736 2123 et
757 2092 909 2132 Cethego
928 2099 959 2122 et
979 2090 1207 2131 compluribus
1234 2090 1306 2120 aliis
1334 2090 1521 2121 coniuravit

116 2156 156 2187 de
182 2156 271 2186 caede
299 2156 476 2186 consulum
496 2161 529 2185 et
548 2159 696 2191 senatus,
722 2154 886 2184 incendiis
913 2152 1004 2182 urbis
1024 2159 1055 2182 et
1074 2152 1294 2192 opprimenda
1315 2162 1349 2182 re
1371 2152 1519 2192 publica,

116 2217 267 2247 exercitu
286 2226 418 2257 quoque
435 2217 470 2247 in
489 2216 624 2246 Etruria
645 2223 853 2256 comparato.
905 2215 956 2245 Ea
972 2214 1159 2244 coniuratio
1175 2213 1339 2243 industria
1353 2213 1401 2244 M.
1415 2213 1521 2244 Tullii

118 2276 293 2309 Ciceronis
320 2284 416 2308 eruta
442 2283 502 2309 est.
562 2276 709 2308 Catilina
735 2278 817 2307 urbe
842 2275 958 2317 pulso,
994 2276 1034 2305 de
1065 2274 1203 2315 reliquis
1235 2274 1417 2306 coniuratis
1443 2284 1523 2316 sup-

115 2339 253 2380 plicium
280 2345 452 2380 sumptum
477 2344 535 2370 est.

668 2428 732 2460 EX
757 2427 845 2459 LlB.
874 2426 964 2458 CIII.

209 2502 358 2536 Catilina
376 2515 396 2536 a
417 2505 453 2536 C.
473 2504 626 2537 Antonio
643 2515 777 2546 procos.
806 2514 879 2534 cum
911 2503 1063 2534 exercitu
1089 2511 1194 2533 caesus
1217 2508 1277 2533 est.
1328 2502 1366 2533 P.
1386 2502 1524 2533 Clodius

117 2571 316 2603 accusatus,
350 2568 458 2606 quod,
491 2568 525 2598 in
549 2567 667 2598 habitu
693 2567 843 2597 mulieris
870 2566 905 2595 in
931 2565 1133 2601 sacrarium,
1176 2574 1242 2605 quo
1267 2565 1372 2594 virum
1399 2564 1525 2594 intrare

118 2626 212 2658 nefas
239 2633 308 2665 est,
336 2638 438 2668 quum
465 2628 640 2665 intrasset,
667 2638 810 2666 uquum
839 2627 977 2658 maximi
1003 2625 1171 2667 pontificis
1197 2631 1394 2666 stuprasset,
1425 2625 1525 2656 abso·

118 2687 210 2718 lutus
248 2694 310 2720 est.
379 2689 417 2721 C.
453 2678 619 2720 Pontinus
657 2696 781 2730 praetor
816 2689 1045 2728 Allobrogas,
1085 2688 1142 2728 qui
1178 2688 1443 2726 rebellaverant,
1481 2685 1526 2716 ad

154 2755 250 2781 Livius
269 2763 305 2782 ex
325 2764 377 2782 ree.
397 2758 542 2789 Madvigii.
583 2759 658 2783 vm.
1240 2761 1257 2779 ὓ
