1753 2934
576 136 648 168 Lib.
677 133 1071 167 LXXIII—LXXVIII.
1421 136 1467 169 57

125 267 255 307 aliquot
280 267 422 308 populos
447 267 581 308 recepit,
608 266 806 306 quantisque
826 275 900 295 raro
923 266 1096 305 qnisquam
1116 265 1200 294 alius
1221 269 1296 293 ante
1313 262 1525 294 consulatum

126 329 224 359 rebus
251 329 351 368 gestis
378 329 419 359 ad
445 329 638 369 petitionem
667 327 858 358 consulatus
881 327 1022 357 Romam
1049 332 1097 356 est
1122 324 1302 366 profectus.

643 411 705 442 EX
734 411 819 442 LIB.
847 409 1008 441 LXXVI.

223 489 261 519 Α.
299 487 461 520 Gabinius
499 489 652 527 legatus,
698 488 798 518 rebus
839 486 995 517 adversus
1040 486 1194 517 Lucanos
1233 494 1391 525 prospere
1424 484 1528 524 gestis

124 555 157 580 et
181 549 332 590 plurimis
359 551 491 590 oppidis
510 550 724 590 expugnatis,
751 550 784 579 in
803 549 979 579 obsidione
995 547 1164 578 hostilium
1185 552 1369 577 castrorum
1397 545 1528 576 cecidit.

125 610 294 652 Sulpicius
330 611 459 651 legatus
486 611 699 642 Marrucinos
732 611 852 641 cecidit
885 616 1056 649 totamque
1085 618 1158 638 cum
1193 608 1363 647 regionem
1391 607 1528 648 recepit.

125 671 188 704 Cn.
216 673 398 714 Pompeius
424 673 606 714 proconsul
633 672 795 703 Vestinos
827 678 858 702 et
884 671 1044 710 Pelignos
1080 670 1112 700 in
1149 669 1350 699 deditionem
1387 669 1527 710 accepit.

124 733 228 764 Marsi
255 744 387 775 quoque
415 744 433 764 a
461 734 497 765 L.
529 733 636 764 Cinna
662 740 694 763 ct
720 732 855 763 Caecilio
881 732 944 763 Pio
972 732 1092 770 legatis
1119 731 1246 770 aliquot
1278 731 1404 771 proeliis
1431 731 1528 761 fracti

122 802 235 835 petere
262 806 377 836 pacem
412 802 594 836 coeperunt.
644 795 806 826 Asculum
841 806 860 825 a
886 793 948 825 Cn.
974 793 1140 834 Pompeio
1167 800 1300 834 captum
1329 799 1388 824 est.
1445 792 1529 823 Caesi

124 863 158 887 et
187 867 208 886 a
233 857 334 887 Mam.
365 857 506 888 AEmilio
539 857 652 896 legato
679 857 809 894 Italiei;
854 856 924 887 Silo
950 855 1182 896 Pompaedius,
1226 855 1294 884 dux
1328 854 1529 885 Marsorum.

124 923 242 948 auctor
268 920 337 949 cius
356 920 413 952 rei.
441 919 606 960 iuproelio
626 919 756 950 cecidit.
807 918 1054 948 Ariobarzanes
1069 915 1303 957 Cappadociae.
1331 915 1530 946 Nicomedes

123 979 291 1020 Bithyniae
325 990 428 1020 regno
461 992 479 1011 a
504 981 699 1012 Mithridate
726 980 826 1011 Ponti
859 990 937 1020 rege
972 979 1061 1020 pulsi
1089 985 1175 1010 sunt.
1226 978 1394 1008 Praeterea
1420 977 1529 1007 incur-

124 1040 236 1071 siones
262 1042 434 1072 Thracum
460 1043 494 1072 iu
520 1042 755 1073 Macedoniani
783 1041 1086 1081 populationesque
1114 1041 1270 1071 continet.

633 1133 696 1164 Ex
721 1133 810 1164 LIB.
837 1132 1018 1164 LXXVII.

217 1206 330 1246 Quum
367 1208 402 1239 P.
440 1209 607 1250 Sulpicius
651 1217 690 1240 tr.
720 1210 764 1250 pl.
806 1216 942 1240 auctore
981 1208 1017 1240 C.
1044 1209 1154 1240 Mario
1195 1208 1399 1249 perniciosas
1438 1205 1530 1245 leges

121 1270 380 1310 promulgasset,
423 1276 460 1301 ut
500 1271 634 1302 exsules
678 1279 916 1303 revocarentur
954 1279 986 1302 et
1019 1272 1097 1302 novi
1125 1271 1211 1301 cives
1248 1268 1463 1307 libertinique
1501 1266 1531 1297 in

123 1342 225 1362 onmes
255 1332 350 1362 tribus
378 1332 673 1373 distribuerentur,
716 1339 748 1364 et
786 1339 822 1364 ut
865 1333 901 1365 C.
935 1333 1064 1363 Marius
1107 1333 1266 1362 adversus
1297 1329 1530 1360 Mithridatem

122 1393 222 1425 Ponti
259 1403 371 1434 regem
405 1394 474 1424 dux
500 1402 687 1433 crearetur,
728 1402 759 1426 et
793 1394 1049 1427 adversantibus
1076 1393 1271 1423 consulibus
1301 1389 1339 1428 Q.
1367 1388 1531 1429 Pompeio

125 1460 157 1485 et
172 1455 209 1486 L.
225 1455 326 1486 Sullae
345 1456 411 1487 vim
427 1456 607 1490 intulisset,
635 1457 747 1487 occiso
764 1455 802 1494 Q.
823 1456 986 1498 Pompeio
1005 1455 1152 1487 consulis
1165 1455 1245 1491 filio,
1273 1461 1396 1492 genero
1417 1449 1529 1482 Sullae.

124 1515 163 1548 L.
183 1516 280 1547 Sulla
307 1526 374 1547 cos.
405 1527 480 1548 cum
507 1518 658 1548 exercitu
683 1519 717 1548 in
744 1519 857 1548 urbem
884 1520 975 1549 veuit
1002 1525 1034 1549 et
1060 1518 1221 1548 adversus
1248 1515 1430 1546 factionem
1454 1511 1531 1542 Sul-

122 1577 199 1617 picii
226 1584 259 1608 et-
284 1577 382 1609 Marii
416 1579 450 1609 in
476 1580 549 1619 ipsa
582 1580 663 1610 urbe
696 1581 859 1620 pugnavit
891 1590 1030 1619 eamque
1067 1579 1213 1620 expulit3
1251 1587 1291 1607 ex
1326 1586 1391 1615 qua
1416 1573 1486 1604 XII
1512 1583 1532 1603 a

125 1646 243 1668 senatu
278 1639 407 1677 hostes,
452 1630 540 1671 inter
581 1651 663 1681 quos
693 1642 728 1673 C.
758 1641 886 1672 Marius
920 1648 1016 1682 pater
1049 1648 1082 1672 et
1116 1641 1219 1677 filius,
1262 1637 1400 1669 iudicati
1444 1643 1530 1669 sunt,

123 1698 161 1730 P.
188 1698 356 1740 Sulpicius
383 1710 483 1741 quum
511 1703 545 1732 in
571 1703 716 1742 quadam
746 1703 821 1733 villa
847 1703 978 1734 lateret.
1014 1702 1138 1732 indicio
1167 1701 1250 1731 servi
1285 1699 1334 1729 sui
1368 1702 1532 1728 retractus

124 1765 157 1791 et
183 1762 314 1793 occisus
342 1768 402 1794 est.
455 1763 587 1799 Servus,
614 1770 650 1794 ut
673 1764 848 1805 praemiuin
875 1764 1078 1804 promissum
1106 1763 1205 1793 indici
1232 1761 1381 1797 haberet,
1414 1767 1531 1789 manu·

122 1823 244 1854 missus
271 1829 303 1854 et
331 1823 374 1855 ob
400 1825 509 1857 scelus
535 1826 657 1865 proditi
684 1825 810 1856 domini
849 1827 889 1856 de
923 1834 1004 1856 saxo
1041 1824 1190 1854 deiectus
1221 1829 1282 1854 est.
1337 1821 1374 1852 C.
1403 1820 1532 1851 Marius

122 1882 210 1915 filius
236 1884 269 1915 in
297 1885 450 1917 Africam
479 1887 620 1918 traiecit.
671 1886 710 1918 C.
738 1887 865 1918 Marius
890 1893 987 1927 pater
1012 1895 1115 1925 quum
1141 1885 1173 1914 in
1192 1883 1372 1926 paludibus
1387 1882 1532 1913 Mintur-

123 1945 276 1977 nensium
303 1947 432 1985 lateret,
461 1954 633 1979 extractus
659 1954 707 1979 est
733 1949 775 1979 ab
802 1948 989 1989 oppidanis.
1029 1954 1061 1978 et
1099 1956 1200 1987 quum
1227 1946 1348 1975 missus
1375 1945 1417 1974 ad
1443 1943 1532 1974 oeci-

123 2005 268 2038 dendum
312 2018 385 2039 eum
428 2019 541 2040 servus
585 2010 721 2040 natione
754 2010 871 2041 Gallus
909 2011 1082 2041 maiestate
1119 2009 1202 2039 tanti
1237 2008 1299 2038 viri
1338 2005 1532 2047 perterritus

122 2069 328 2105 recessisset,
368 2070 542 2111 impositus
574 2072 708 2112 publice
746 2072 822 2102 navi
849 2071 980 2103 delatus
1011 2078 1061 2102 est
1094 2071 1129 2100 iu
1152 2069 1316 2100 Africam.
1369 2068 1406 2098 L.
1437 2066 1534 2098 Sulla

123 2129 268 2162 civitatis
295 2137 418 2162 statum
441 2132 629 2170 ordinavit3
654 2133 777 2163 exinde
803 2134 953 2165 colonias
980 2133 1128 2164 deduxit.
1183 2130 1221 2169 Q.
1248 2130 1432 2170 Pompeius
1461 2137 1532 2159 cos.

122 2190 165 2220 ad
198 2192 430 2232 accipiendum
464 2203 484 2224 a
517 2192 579 2225 Cn.
606 2193 769 2235 Pompeio
802 2205 933 2235 procos.
969 2195 1154 2226 exercitum
1186 2192 1356 2234 profectus
1389 2189 1533 2221 consilio

122 2251 193 2283 eius
226 2253 357 2285 occisus
384 2260 446 2285 est.
497 2255 714 2287 Mithridates
732 2256 832 2287 Ponti
859 2266 929 2294 rex,
956 2257 1117 2297 Bithynia
1142 2261 1175 2286 et
1189 2252 1407 2296 Cappadocia
1433 2260 1533 2282 occu-

120 2314 209 2354 patis
243 2321 274 2345 et
308 2316 406 2356 pulso
437 2317 574 2357 Aquilio
600 2317 731 2356 legato,
769 2318 969 2359 Phrygiam,
1004 2318 1211 2359 provinciam
1238 2314 1353 2357 populi
1374 2313 1532 2349 Romani,

123 2385 197 2406 eum
225 2377 354 2417 ingenti
381 2378 530 2409 exercitu
556 2379 701 2411 intravit.

622 2447 687 2479 EX
711 2448 800 2479 LIB.
825 2448 1025 2480 LXXVIII.

214 2522 430 2555 Mithridates
454 2524 567 2555 Asiam
595 2525 780 2565 occupavit,
813 2523 852 2562 Q.
881 2524 1028 2566 Oppium
1053 2534 1200 2566 procos„
1227 2524 1305 2554 item
1334 2519 1396 2552 M’.
1423 2518 1533 2560 Aqui-

120 2584 202 2616 lium
228 2585 380 2625 legatum
406 2585 440 2615 in
464 2585 601 2616 vincula
629 2586 783 2623 coniecit,
821 2587 980 2627 iussuque
1006 2587 1090 2625 eius,
1124 2585 1283 2625 quicquid
1315 2584 1439 2614 civium
1465 2583 1533 2613 Ro-

120 2654 296 2676 manorum
322 2646 356 2676 in
382 2646 467 2677 Asia
495 2646 569 2682 fuit,
595 2656 663 2677 uno
689 2648 743 2678 die
770 2647 974 2679 trucidatum
1001 2654 1062 2680 est.
1111 2646 1238 2678 Urbem
1261 2646 1431 2685 Rhodum,
1459 2654 1533 2685 quae
