1753 2934
667 138 739 170 Lib.
768 135 1073 169 cmx-cxxv.
1463 141 1509 174 73

708 267 771 298 Ex
799 268 886 298 LIB.
917 268 1040 300 CXXI.

285 327 365 366 QUI
392 327 564 360 EDITL’S
591 328 709 360 POST
737 311 984 361 EXCESSUM
1018 328 1217 361 AUGUSTI
1248 327 1448 360 DICITUR.

268 406 304 437 C.
335 404 483 441 Cassius,
513 404 564 434 eui
593 406 786 436 mandatum
815 417 834 436 u
860 412 977 436 senatu
1005 412 1085 442 erat.
1126 412 1160 436 ut
1189 405 1399 436 Dolabellam
1433 405 1566 436 hostem

168 467 352 497 iudicatum
380 466 471 496 bello
497 474 762 507 persequeretur,
798 467 995 498 auctoritate
1030 468 1074 497 rei
1110 467 1253 507 publicae
1279 467 1411 497 adiutus
1437 466 1565 507 Syriam

168 538 241 559 euni
269 529 372 558 tribus
398 527 620 565 exercitibus,
655 528 710 568 qui
744 529 775 558 in
814 529 927 558 eadem
954 529 1127 568 provincia
1154 535 1264 568 erant,
1303 528 1334 558 in
1371 534 1566 567 potestatem

167 599 261 620 suam
298 590 440 627 rede-gin
484 589 699 620 Dolabellam
737 590 768 619 in
803 590 883 620 urbe
918 589 1079 619 Laudicia
1113 589 1286 619 obsessum
1328 590 1410 619 mori
1445 591 1564 629 coegit.

168 650 215 681 M.
246 660 380 691 quoque
407 651 500 681 Bruti
527 651 619 681 iussu
649 650 684 681 C.
712 652 880 682 Antonius
906 658 1021 692 captus
1047 652 1177 682 occisus
1202 657 1262 681 est.

695 757 756 788 Ex
784 757 869 789 LIB.
900 757 1040 787 CXXII.

259 833 305 864 M.
334 833 457 864 Brutus
483 834 641 864 adversus
671 834 820 865 Tin-acas
851 831 995 875 [parum]
1025 842 1181 873 prospere
1209 842 1276 862 rem
1309 833 1428 871 gessit,
1460 833 1567 862 omni—

166 895 295 934 busque
331 895 561 926 transmarinis
599 895 776 935 provinciis
815 895 1080 933 exercitibusque
1117 895 1149 924 in
1185 900 1383 934 potestatem
1427 894 1497 924 eius
1536 900 1567 923 ct

166 954 206 987 C.
232 955 338 987 Cassii
365 957 522 992 redactis,
549 957 701 987 coierunt
727 956 876 996 Smyrnae
906 963 1044 996 uterque
1075 956 1115 985 :ul
1147 957 1332 985 ordinanda
1360 956 1437 986 belli
1465 955 1566 995 futuri

166 1018 317 1048 consilia.
381 1019 428 1048 M.
457 1018 624 1049 Messallae
650 1017 862 1048 Publicolam
896 1016 1029 1048 fratrem
1057 1017 1204 1047 vinctum
1232 1017 1399 1047 communi
1427 1017 1567 1047 consilio

166 1080 453 1112 condonaverunt.

684 1170 747 1201 EX
772 1170 860 1202 LIB.
891 1170 1050 1202 CXXIII.

263 1247 340 1279 Sex.
374 1248 556 1288 Pompeius
591 1247 705 1286 Magni
743 1246 847 1283 filius,
890 1247 1039 1277 collectis
1082 1256 1124 1276 ex
1156 1246 1260 1286 Epiro
1296 1246 1491 1286 proscriptis
1529 1256 1567 1276 at·

165 1308 334 1348 fugitivis,
371 1319 446 1339 curn
478 1309 625 1339 exercitu
653 1310 708 1338 diu
735 1308 805 1338 sine
831 1307 900 1337 ulla
924 1307 988 1337 loei
1016 1309 1212 1347 cuiusquam
1248 1308 1458 1348 possessione
1484 1316 1568 1348 prae—

167 1370 264 1400 datus
291 1370 324 1400 in
350 1370 446 1406 mari,
483 1370 678 1399 Messanam
713 1369 872 1408 oppidum
907 1369 938 1398 in
967 1369 1083 1400 Sicilia
1117 1370 1282 1410 primum,
1317 1370 1435 1399 deinde
1460 1375 1566 1399 totam

164 1431 370 1472 provinciam
401 1430 590 1470 occupavit.
615 1430 791 1470 occisoque
818 1429 981 1470 Pompeio
1008 1429 1187 1470 Bithynico
1214 1438 1364 1470 praetore.
1394 1429 1432 1467 Q.
1459 1430 1565 1461 Salvi-

163 1493 299 1523 dienum
326 1492 473 1531 legatum
501 1491 644 1522 Caesaris
672 1491 779 1521 navali
807 1490 926 1531 proelio
954 1492 1039 1521 vicit.
1090 1490 1206 1522 Caesar
1234 1499 1266 1522 et
1293 1493 1461 1523 Antonius
1489 1501 1565 1521 eum

163 1554 367 1585 exercitibus
393 1554 427 1583 in
455 1553 616 1583 Graeciam
645 1553 851 1583 traiecerunt.
875 1552 999 1582 bellum
1020 1553 1179 1583 adversus
1195 1553 1334 1583 Brutum
1365 1560 1396 1583 ct
1411 1551 1564 1583 Cassium

163 1615 303 1655 gesturi.
354 1613 396 1652 Q.
425 1614 623 1645 Cornificius
658 1615 689 1644 in
717 1614 833 1645 Africa
863 1614 900 1645 T.
928 1613 1078 1644 Sextium
1092 1610 1121 1653 ¹)
1158 1613 1395 1645 Cassianarum
1422 1615 1564 1655 partium

163 1677 283 1707 ducem
312 1676 428 1717 proelio
455 1676 546 1707 vicit.

679 1767 742 1798 EX
768 1767 857 1798 LIB.
886 1765 1049 1799 CXXIV.

259 1842 296 1876 C.
316 1842 428 1874 Caesar
446 1849 479 1874 et
494 1844 664 1874 Antonius
688 1843 774 1884 apud
794 1842 969 1883 Philippos
992 1843 1083 1873 vario
1105 1849 1225 1873 eventu
1247 1843 1404 1872 adversus
1424 1841 1566 1871 Brutum

163 1909 196 1935 et
220 1902 375 1935 Cassium
402 1911 635 1945 pugnaverunt
660 1905 722 1941 ita,
764 1910 800 1934 ut
837 1905 955 1934 dextra
982 1905 1153 1943 utriusque
1185 1914 1313 1934 cornua
1339 1903 1510 1932 vincerent
1536 1910 1568 1932 et

163 1971 272 1995 eastra
297 1974 431 2005 quoque
459 1966 614 2005 utrinque
641 1966 682 1996 ab
711 1967 769 2006 eis,
800 1966 854 2006 qui
882 1966 1040 2002 vicerant,
1068 1971 1354 2010 expugnarentur.
1407 1964 1567 1996 Sedinae-

163 2025 295 2066 qualem
323 2025 491 2056 fortunam
522 2027 665 2067 partium
701 2037 788 2057 mors
815 2025 922 2057 Cassii
958 2026 1056 2066 fecit,
1095 2027 1150 2067 qui
1188 2037 1289 2067 quum
1324 2026 1357 2056 in
1392 2034 1430 2055 eo
1464 2034 1566 2055 cornu

162 2086 294 2125 fuisset,
322 2089 409 2128 quod
439 2088 570 2128 pulsum
599 2095 682 2126 erat,
709 2094 815 2118 totum
844 2089 1026 2118 exercitum
1054 2087 1164 2118 susum
1199 2095 1290 2118 ratus
1318 2094 1460 2117 mortem
1488 2096 1567 2117 con-

163 2149 270 2181 scivit.
321 2148 438 2179 Altera
464 2150 582 2179 deinde
607 2150 675 2180 acie
701 2149 806 2180 vietus
834 2150 882 2182 M.
901 2149 1024 2180 Brutus
1049 2156 1082 2180 et
1103 2151 1172 2190 ipse
1186 2150 1286 2179 vitam
1302 2148 1398 2185 finiit,
1426 2156 1566 2178 exorato

163 2207 320 2240 Stratone
339 2208 428 2248 fugae
448 2210 581 2247 comite,
607 2217 645 2240 ut
672 2210 733 2241 sibi
760 2210 912 2249 gladium
940 2212 1109 2250 adigeret3
1135 2220 1300 2240 annorum
1326 2216 1424 2240 erat*
1456 2222 1471 2237 *
1504 2210 1567 2240 eir-

163 2270 246 2301 citer
269 2271 343 2309 XL,
371 2272 457 2302 inter
483 2282 565 2312 quos
591 2271 632 2310 Q.
663 2272 862 2302 Hortensius
888 2273 1018 2302 occisus
1043 2262 1106 2304 est.

691 2378 753 2409 Ex
780 2378 868 2411 LIB.
897 2379 1038 2410 CXXV.

258 2452 380 2494 Caesar,
406 2454 524 2485 relicto
551 2461 642 2485 trans
671 2464 760 2485 mare
785 2455 946 2493 Antonio,
974 2455 1026 2486 cul
1048 2455 1228 2496 provinciae
1253 2464 1292 2485 ea
1316 2461 1411 2495 parte
1438 2455 1564 2495 imperii

161 2514 280 2554 positae
306 2522 487 2552 cesserant,
514 2526 664 2546 reversus
691 2516 724 2546 in
739 2515 872 2547 Italiam
899 2517 1066 2547 veteranis
1085 2527 1184 2556 agros
1203 2516 1328 2548 divisit.
1379 2515 1565 2547 seditiones

201 2660 227 2693 ¹)
249 2661 280 2694 Q.
302 2661 480 2686 cornificium
494 2681 499 2686 .
514 2681 538 2686 ..
569 2663 601 2687 T.
621 2662 732 2688 Sextius
751 2666 799 2689 Dio
823 2671 847 2689 et
867 2666 1020 2695 Appianas.
