<?xml version="1.0" encoding="UTF-8"?>
<!DOCTYPE html PUBLIC "-//W3C//DTD XHTML 1.0 Transitional//EN"
    "http://www.w3.org/TR/xhtml1/DTD/xhtml1-transitional.dtd">
<html xmlns="http://www.w3.org/1999/xhtml" xml:lang="en" lang="en">
 <head>
  <title>
</title>
<meta http-equiv="Content-Type" content="text/html;charset=utf-8" />
  <meta name='ocr-system' content='tesseract 3.04.00' />
  <meta name='ocr-capabilities' content='ocr_page ocr_carea ocr_par ocr_line ocrx_word'/>
</head>
<body>
  <div class='ocr_page' id='page_1' title='image "./p1historiarumrom04livyuoft_0023.png"; bbox 0 0 1742 2902; ppageno 0'>
   <div class='ocr_carea' id='block_1_1' title="bbox 725 155 818 180">
    <p class='ocr_par' dir='ltr' id='par_1_1' title="bbox 725 155 818 180">
     <span class='ocr_line' id='line_1_1' title="bbox 725 155 818 180; baseline 0 0"><span class='ocrx_word' id='word_1_1' title='bbox 725 155 818 180; x_wconf 72' lang='lat' dir='ltr'>XVI!</span> 
     </span>
    </p>
   </div>
   <div class='ocr_carea' id='block_1_2' title="bbox 66 273 1493 1913">
    <p class='ocr_par' dir='ltr' id='par_1_2' title="bbox 66 273 1488 1144">
     <span class='ocr_line' id='line_1_2' title="bbox 181 273 1484 324; baseline -0.004 -11"><span class='ocrx_word' id='word_1_2' title='bbox 181 276 275 324; x_wconf 77' lang='lat' dir='ltr'>Cap.</span> <span class='ocrx_word' id='word_1_3' title='bbox 311 279 345 319; x_wconf 83' lang='lat'>5,</span> <span class='ocrx_word' id='word_1_4' title='bbox 379 280 399 311; x_wconf 71' lang='lat' dir='ltr'>b</span> <span class='ocrx_word' id='word_1_5' title='bbox 433 274 536 322; x_wconf 86' lang='lat' dir='ltr'>quod</span> <span class='ocrx_word' id='word_1_6' title='bbox 565 275 602 310; x_wconf 87' lang='lat' dir='ltr'>iu</span> <span class='ocrx_word' id='word_1_7' title='bbox 635 274 766 309; x_wconf 87' lang='lat' dir='ltr'>codice</span> <span class='ocrx_word' id='word_1_8' title='bbox 796 274 976 308; x_wconf 75' lang='lat' dir='ltr'>mendose</span> <span class='ocrx_word' id='word_1_9' title='bbox 1007 273 1184 309; x_wconf 76' lang='lat' dir='ltr'>scribitur</span> <span class='ocrx_word' id='word_1_10' title='bbox 1212 284 1361 307; x_wconf 53' lang='lat' dir='ltr'>‘mmet-a</span> <span class='ocrx_word' id='word_1_11' title='bbox 1390 274 1484 308; x_wconf 75' lang='lat' dir='ltr'>mitti</span> 
     </span>
     <span class='ocr_line' id='line_1_3' title="bbox 73 327 1482 377; baseline -0.003 -10"><span class='ocrx_word' id='word_1_12' title='bbox 73 333 199 377; x_wconf 58' lang='lat' dir='ltr'>lassatis</span> <span class='ocrx_word' id='word_1_13' title='bbox 228 344 270 366; x_wconf 66' lang='grc' dir='ltr'>ω·</span> <span class='ocrx_word' id='word_1_14' title='bbox 300 331 390 366; x_wconf 70' lang='lat' dir='ltr'>binis</span> <span class='ocrx_word' id='word_1_15' title='bbox 419 330 570 365; x_wconf 62' lang='lat' dir='ltr'>milibus</span> <span class='ocrx_word' id='word_1_16' title='bbox 591 331 674 365; x_wconf 79' lang='lat' dir='ltr'>oeris</span> <span class='ocrx_word' id='word_1_17' title='bbox 718 333 928 364; x_wconf 77' lang='lat' dir='ltr'>censuerunt</span> <span class='ocrx_word' id='word_1_18' title='bbox 971 328 1042 363; x_wconf 76' lang='lat' dir='ltr'>(luo</span> <span class='ocrx_word' id='word_1_19' title='bbox 1071 329 1215 374; x_wconf 73' lang='lat' dir='ltr'>fratres</span> <span class='ocrx_word' id='word_1_20' title='bbox 1244 327 1378 373; x_wconf 70' lang='lat' dir='ltr'>requlz&#39;s</span> <span class='ocrx_word' id='word_1_21' title='bbox 1408 327 1482 363; x_wconf 74' lang='lat' dir='ltr'>Jzoec</span> 
     </span>
     <span class='ocr_line' id='line_1_4' title="bbox 66 382 1483 435; baseline -0.003 -14"><span class='ocrx_word' id='word_1_22' title='bbox 66 388 256 435; x_wconf 77' lang='lat' dir='ltr'>prcecipua</span> <span class='ocrx_word' id='word_1_23' title='bbox 301 391 444 432; x_wconf 73' lang='lat' dir='ltr'>tor-ques</span> <span class='ocrx_word' id='word_1_24' title='bbox 481 384 552 419; x_wconf 75' lang='lat' dir='ltr'>duo</span> <span class='ocrx_word' id='word_1_25' title='bbox 601 391 694 424; x_wconf 81' lang='lat' dir='ltr'>cet.,</span> <span class='ocrx_word' id='word_1_26' title='bbox 733 382 923 430; x_wconf 81' lang='lat' dir='ltr'>Grynaeus</span> <span class='ocrx_word' id='word_1_27' title='bbox 967 382 1106 417; x_wconf 75' lang='lat' dir='ltr'>(luobus</span> <span class='ocrx_word' id='word_1_28' title='bbox 1134 382 1320 428; x_wconf 65' lang='lat' dir='ltr'>⁸fratr-ibus</span> <span class='ocrx_word' id='word_1_29' title='bbox 1349 382 1483 428; x_wconf 76' lang='lat' dir='ltr'>requlz&#39;s</span> 
     </span>
     <span class='ocr_line' id='line_1_5' title="bbox 72 436 1481 488; baseline -0.003 -12"><span class='ocrx_word' id='word_1_30' title='bbox 72 441 244 488; x_wconf 58' lang='lat' dir='ltr'>scripsit,</span> <span class='ocrx_word' id='word_1_31' title='bbox 284 440 428 486; x_wconf 76' lang='lat' dir='ltr'>ipsum,</span> <span class='ocrx_word' id='word_1_32' title='bbox 466 446 507 474; x_wconf 89' lang='lat' dir='ltr'>ut</span> <span class='ocrx_word' id='word_1_33' title='bbox 540 439 708 476; x_wconf 58' lang='lat' dir='ltr'>videtur,</span> <span class='ocrx_word' id='word_1_34' title='bbox 740 437 935 480; x_wconf 72' lang='lat' dir='ltr'>Cim-ibin,</span> <span class='ocrx_word' id='word_1_35' title='bbox 980 450 1002 472; x_wconf 81' lang='lat' dir='ltr'>a</span> <span class='ocrx_word' id='word_1_36' title='bbox 1034 449 1109 484; x_wconf 89' lang='lat' dir='ltr'>quo</span> <span class='ocrx_word' id='word_1_37' title='bbox 1141 436 1255 484; x_wconf 74' lang='lat' dir='ltr'>legati</span> <span class='ocrx_word' id='word_1_38' title='bbox 1287 443 1481 481; x_wconf 80' lang='lat' dir='ltr'>venerant,</span> 
     </span>
     <span class='ocr_line' id='line_1_6' title="bbox 73 491 1482 543; baseline -0.003 -13"><span class='ocrx_word' id='word_1_39' title='bbox 73 507 183 543; x_wconf 84' lang='lat' dir='ltr'>quem</span> <span class='ocrx_word' id='word_1_40' title='bbox 216 494 346 530; x_wconf 84' lang='lat' dir='ltr'>Livius</span> <span class='ocrx_word' id='word_1_41' title='bbox 377 498 395 537; x_wconf 54' lang='grc' dir='ltr'>ᾗ·</span> <span class='ocrx_word' id='word_1_42' title='bbox 434 498 442 529; x_wconf 88' lang='lat' dir='ltr'>l</span> <span class='ocrx_word' id='word_1_43' title='bbox 490 505 642 541; x_wconf 86' lang='lat' dir='ltr'>regem,</span> <span class='ocrx_word' id='word_1_44' title='bbox 680 496 698 537; x_wconf 69' lang='grc' dir='ltr'>ἓ</span> <span class='ocrx_word' id='word_1_45' title='bbox 731 495 750 528; x_wconf 92' lang='grc'>7</span> <span class='ocrx_word' id='word_1_46' title='bbox 783 492 955 539; x_wconf 81' lang='lat' dir='ltr'>regulum</span> <span class='ocrx_word' id='word_1_47' title='bbox 985 491 1213 539; x_wconf 77' lang='lat' dir='ltr'>appellavit,</span> <span class='ocrx_word' id='word_1_48' title='bbox 1246 499 1282 526; x_wconf 80' lang='lat' dir='ltr'>et</span> <span class='ocrx_word' id='word_1_49' title='bbox 1312 491 1482 530; x_wconf 73' lang='lat' dir='ltr'>fratrem,</span> 
     </span>
     <span class='ocr_line' id='line_1_7' title="bbox 73 546 1483 597; baseline -0.003 -12"><span class='ocrx_word' id='word_1_50' title='bbox 73 550 136 597; x_wconf 91' lang='lat' dir='ltr'>qui</span> <span class='ocrx_word' id='word_1_51' title='bbox 167 550 284 585; x_wconf 70' lang='lat' dir='ltr'>verba</span> <span class='ocrx_word' id='word_1_52' title='bbox 314 549 351 584; x_wconf 90' lang='lat' dir='ltr'>iu</span> <span class='ocrx_word' id='word_1_53' title='bbox 383 555 516 583; x_wconf 80' lang='lat' dir='ltr'>senatu</span> <span class='ocrx_word' id='word_1_54' title='bbox 551 548 705 590; x_wconf 79' lang='lat' dir='ltr'>fecerat,</span> <span class='ocrx_word' id='word_1_55' title='bbox 736 547 960 594; x_wconf 77' lang='lat' dir='ltr'>intelligens,</span> <span class='ocrx_word' id='word_1_56' title='bbox 992 546 1106 593; x_wconf 85' lang='lat' dir='ltr'>idque</span> <span class='ocrx_word' id='word_1_57' title='bbox 1123 546 1303 582; x_wconf 84' lang='lat' dir='ltr'>llertzius</span> <span class='ocrx_word' id='word_1_58' title='bbox 1333 555 1483 582; x_wconf 83' lang='lat' dir='ltr'>secutus</span> 
     </span>
     <span class='ocr_line' id='line_1_8' title="bbox 73 600 1483 652; baseline -0.003 -12"><span class='ocrx_word' id='word_1_59' title='bbox 73 611 148 647; x_wconf 67' lang='grc' dir='ltr'>θεῖς</span> <span class='ocrx_word' id='word_1_60' title='bbox 194 616 264 652; x_wconf 84' lang='lat' dir='ltr'>ego</span> <span class='ocrx_word' id='word_1_61' title='bbox 291 604 408 650; x_wconf 68' lang='lat' dir='ltr'>requli</span> <span class='ocrx_word' id='word_1_62' title='bbox 436 603 557 651; x_wconf 80' lang='lat' dir='ltr'>posui.</span> <span class='ocrx_word' id='word_1_63' title='bbox 631 603 732 639; x_wconf 76' lang='lat' dir='ltr'>Nam</span> <span class='ocrx_word' id='word_1_64' title='bbox 766 614 856 646; x_wconf 79' lang='lat' dir='ltr'>nec,</span> <span class='ocrx_word' id='word_1_65' title='bbox 902 614 1016 648; x_wconf 89' lang='lat' dir='ltr'>quum</span> <span class='ocrx_word' id='word_1_66' title='bbox 1060 612 1176 648; x_wconf 81' lang='lat' dir='ltr'>supra</span> <span class='ocrx_word' id='word_1_67' title='bbox 1210 601 1339 636; x_wconf 88' lang='lat' dir='ltr'>Livius</span> <span class='ocrx_word' id='word_1_68' title='bbox 1382 600 1483 648; x_wconf 84' lang='lat' dir='ltr'>regis</span> 
     </span>
     <span class='ocr_line' id='line_1_9' title="bbox 74 655 1484 707; baseline -0.003 -13"><span class='ocrx_word' id='word_1_69' title='bbox 74 659 243 707; x_wconf 80' lang='lat' dir='ltr'>regulive</span> <span class='ocrx_word' id='word_1_70' title='bbox 272 658 424 693; x_wconf 87' lang='lat' dir='ltr'>nomine</span> <span class='ocrx_word' id='word_1_71' title='bbox 454 658 501 693; x_wconf 85' lang='lat' dir='ltr'>de</span> <span class='ocrx_word' id='word_1_72' title='bbox 533 670 607 693; x_wconf 87' lang='lat' dir='ltr'>uno</span> <span class='ocrx_word' id='word_1_73' title='bbox 638 656 813 693; x_wconf 82' lang='lat' dir='ltr'>Cincibili</span> <span class='ocrx_word' id='word_1_74' title='bbox 844 668 933 691; x_wconf 83' lang='lat' dir='ltr'>usus</span> <span class='ocrx_word' id='word_1_75' title='bbox 965 662 1074 699; x_wconf 84' lang='lat' dir='ltr'>esset,</span> <span class='ocrx_word' id='word_1_76' title='bbox 1102 655 1228 691; x_wconf 84' lang='lat' dir='ltr'>subito</span> <span class='ocrx_word' id='word_1_77' title='bbox 1260 655 1308 690; x_wconf 83' lang='lat' dir='ltr'>ad</span> <span class='ocrx_word' id='word_1_78' title='bbox 1339 663 1484 691; x_wconf 87' lang='lat' dir='ltr'>utrum-</span> 
     </span>
     <span class='ocr_line' id='line_1_10' title="bbox 75 710 1483 761; baseline -0.002 -12"><span class='ocrx_word' id='word_1_79' title='bbox 75 725 148 761; x_wconf 88' lang='lat' dir='ltr'>que</span> <span class='ocrx_word' id='word_1_80' title='bbox 177 713 334 749; x_wconf 84' lang='lat' dir='ltr'>fratrem</span> <span class='ocrx_word' id='word_1_81' title='bbox 366 712 403 748; x_wconf 91' lang='lat' dir='ltr'>id</span> <span class='ocrx_word' id='word_1_82' title='bbox 420 725 557 748; x_wconf 85' lang='lat' dir='ltr'>nomen</span> <span class='ocrx_word' id='word_1_83' title='bbox 583 712 807 748; x_wconf 71' lang='lat' dir='ltr'>translatum</span> <span class='ocrx_word' id='word_1_84' title='bbox 832 711 957 753; x_wconf 78' lang='lat' dir='ltr'>credo,</span> <span class='ocrx_word' id='word_1_85' title='bbox 977 722 1045 746; x_wconf 88' lang='lat' dir='ltr'>nec</span> <span class='ocrx_word' id='word_1_86' title='bbox 1075 711 1173 746; x_wconf 85' lang='lat' dir='ltr'>hanc</span> <span class='ocrx_word' id='word_1_87' title='bbox 1203 710 1483 758; x_wconf 67' lang='lat' dir='ltr'>praecipuorum</span> 
     </span>
     <span class='ocr_line' id='line_1_11' title="bbox 74 765 1483 813; baseline -0.003 -10"><span class='ocrx_word' id='word_1_88' title='bbox 74 771 166 804; x_wconf 78' lang='lat' dir='ltr'>inter</span> <span class='ocrx_word' id='word_1_89' title='bbox 195 769 330 813; x_wconf 67' lang='lat' dir='ltr'>[effatos</span> <span class='ocrx_word' id='word_1_90' title='bbox 360 780 556 802; x_wconf 85' lang='lat' dir='ltr'>muncrum</span> <span class='ocrx_word' id='word_1_91' title='bbox 594 767 820 802; x_wconf 76' lang='lat' dir='ltr'>mentionem</span> <span class='ocrx_word' id='word_1_92' title='bbox 868 766 981 801; x_wconf 84' lang='lat' dir='ltr'>etiam</span> <span class='ocrx_word' id='word_1_93' title='bbox 1024 765 1073 800; x_wconf 86' lang='lat' dir='ltr'>ad</span> <span class='ocrx_word' id='word_1_94' title='bbox 1115 776 1240 812; x_wconf 85' lang='lat' dir='ltr'>regem</span> <span class='ocrx_word' id='word_1_95' title='bbox 1288 767 1483 800; x_wconf 74' lang='lat' dir='ltr'>absentem</span> 
     </span>
     <span class='ocr_line' id='line_1_12' title="bbox 74 819 1488 871; baseline -0.002 -13"><span class='ocrx_word' id='word_1_96' title='bbox 74 823 274 871; x_wconf 85' lang='lat' dir='ltr'>pertinere,</span> <span class='ocrx_word' id='word_1_97' title='bbox 305 822 364 857; x_wconf 86' lang='lat' dir='ltr'>cui</span> <span class='ocrx_word' id='word_1_98' title='bbox 395 822 426 857; x_wconf 86' lang='lat' dir='ltr'>si</span> <span class='ocrx_word' id='word_1_99' title='bbox 458 834 615 857; x_wconf 84' lang='lat' dir='ltr'>munera</span> <span class='ocrx_word' id='word_1_100' title='bbox 646 830 800 856; x_wconf 86' lang='lat' dir='ltr'>senatus</span> <span class='ocrx_word' id='word_1_101' title='bbox 834 820 1017 856; x_wconf 87' lang='lat' dir='ltr'>mittenda</span> <span class='ocrx_word' id='word_1_102' title='bbox 1048 820 1267 863; x_wconf 78' lang='lat' dir='ltr'>censuisset,</span> <span class='ocrx_word' id='word_1_103' title='bbox 1299 819 1488 867; x_wconf 85' lang='lat' dir='ltr'>ampli0ra</span> 
     </span>
     <span class='ocr_line' id='line_1_13' title="bbox 75 873 1487 924; baseline -0.001 -12"><span class='ocrx_word' id='word_1_104' title='bbox 75 877 155 912; x_wconf 86' lang='lat' dir='ltr'>sinc</span> <span class='ocrx_word' id='word_1_105' title='bbox 184 877 299 912; x_wconf 88' lang='lat' dir='ltr'>dubio</span> <span class='ocrx_word' id='word_1_106' title='bbox 331 888 444 923; x_wconf 82' lang='lat' dir='ltr'>quam</span> <span class='ocrx_word' id='word_1_107' title='bbox 476 876 585 912; x_wconf 75' lang='lat' dir='ltr'>fratri</span> <span class='ocrx_word' id='word_1_108' title='bbox 620 876 746 924; x_wconf 79' lang='lat' dir='ltr'>legato</span> <span class='ocrx_word' id='word_1_109' title='bbox 779 875 964 915; x_wconf 56' lang='lat' dir='ltr'>misissem</span> <span class='ocrx_word' id='word_1_110' title='bbox 1008 886 1132 921; x_wconf 85' lang='lat' dir='ltr'>neque</span> <span class='ocrx_word' id='word_1_111' title='bbox 1165 874 1281 922; x_wconf 81' lang='lat' dir='ltr'>legati</span> <span class='ocrx_word' id='word_1_112' title='bbox 1313 873 1487 911; x_wconf 77' lang='lat' dir='ltr'>Cincibili</span> 
     </span>
     <span class='ocr_line' id='line_1_14' title="bbox 76 929 1486 979; baseline -0.002 -12"><span class='ocrx_word' id='word_1_113' title='bbox 76 931 242 967; x_wconf 84' lang='lat' dir='ltr'>absentis</span> <span class='ocrx_word' id='word_1_114' title='bbox 272 931 429 967; x_wconf 83' lang='lat' dir='ltr'>comites</span> <span class='ocrx_word' id='word_1_115' title='bbox 460 931 644 979; x_wconf 83' lang='lat' dir='ltr'>appellari</span> <span class='ocrx_word' id='word_1_116' title='bbox 671 930 746 965; x_wconf 91' lang='lat' dir='ltr'>ullo</span> <span class='ocrx_word' id='word_1_117' title='bbox 772 929 886 965; x_wconf 79' lang='lat' dir='ltr'>modo</span> <span class='ocrx_word' id='word_1_118' title='bbox 911 936 1101 977; x_wconf 76' lang='lat' dir='ltr'>poterant.v</span> <span class='ocrx_word' id='word_1_119' title='bbox 1133 936 1171 964; x_wconf 89' lang='lat' dir='ltr'>ut</span> <span class='ocrx_word' id='word_1_120' title='bbox 1206 930 1244 964; x_wconf 89' lang='lat' dir='ltr'>in</span> <span class='ocrx_word' id='word_1_121' title='bbox 1274 929 1338 965; x_wconf 83' lang='lat' dir='ltr'>illa</span> <span class='ocrx_word' id='word_1_122' title='bbox 1369 931 1486 977; x_wconf 83' lang='lat' dir='ltr'>scrip-</span> 
     </span>
     <span class='ocr_line' id='line_1_15' title="bbox 75 983 1488 1032; baseline -0.002 -10"><span class='ocrx_word' id='word_1_123' title='bbox 75 994 162 1022; x_wconf 83' lang='lat' dir='ltr'>tura</span> <span class='ocrx_word' id='word_1_124' title='bbox 207 993 243 1021; x_wconf 83' lang='lat' dir='ltr'>et</span> <span class='ocrx_word' id='word_1_125' title='bbox 288 986 529 1022; x_wconf 80' lang='lat' dir='ltr'>enarratione</span> <span class='ocrx_word' id='word_1_126' title='bbox 581 986 623 1021; x_wconf 78' lang='lat' dir='ltr'>fit</span> <span class='ocrx_word' id='word_1_127' title='bbox 661 985 862 1032; x_wconf 70' lang='lat' dir='ltr'>(comitibus</span> <span class='ocrx_word' id='word_1_128' title='bbox 904 986 1051 1030; x_wconf 78' lang='lat' dir='ltr'>eorum).</span> <span class='ocrx_word' id='word_1_129' title='bbox 1136 984 1273 1031; x_wconf 86' lang='lat' dir='ltr'>Itaque</span> <span class='ocrx_word' id='word_1_130' title='bbox 1311 983 1488 1020; x_wconf 84' lang='lat' dir='ltr'>Cincibili</span> 
     </span>
     <span class='ocr_line' id='line_1_16' title="bbox 76 1039 1487 1089; baseline -0.001 -12"><span class='ocrx_word' id='word_1_131' title='bbox 76 1040 172 1077; x_wconf 90' lang='lat' dir='ltr'>inter</span> <span class='ocrx_word' id='word_1_132' title='bbox 201 1040 348 1089; x_wconf 81' lang='lat' dir='ltr'>legatos</span> <span class='ocrx_word' id='word_1_133' title='bbox 378 1040 473 1077; x_wconf 84' lang='lat' dir='ltr'>duos</span> <span class='ocrx_word' id='word_1_134' title='bbox 504 1040 642 1076; x_wconf 80' lang='lat' dir='ltr'>fratres</span> <span class='ocrx_word' id='word_1_135' title='bbox 674 1040 851 1082; x_wconf 81' lang='lat' dir='ltr'>miserat,</span> <span class='ocrx_word' id='word_1_136' title='bbox 898 1051 1058 1086; x_wconf 88' lang='lat' dir='ltr'>quorum</span> <span class='ocrx_word' id='word_1_137' title='bbox 1099 1051 1195 1074; x_wconf 85' lang='lat' dir='ltr'>unus</span> <span class='ocrx_word' id='word_1_138' title='bbox 1235 1039 1355 1075; x_wconf 84' lang='lat' dir='ltr'>verba</span> <span class='ocrx_word' id='word_1_139' title='bbox 1385 1039 1487 1083; x_wconf 74' lang='lat' dir='ltr'>fecit,</span> 
     </span>
     <span class='ocr_line' id='line_1_17' title="bbox 77 1095 900 1144; baseline -0.002 -13"><span class='ocrx_word' id='word_1_140' title='bbox 77 1096 225 1143; x_wconf 87' lang='lat' dir='ltr'>utrique</span> <span class='ocrx_word' id='word_1_141' title='bbox 256 1095 468 1144; x_wconf 84' lang='lat' dir='ltr'>praecipuus</span> <span class='ocrx_word' id='word_1_142' title='bbox 498 1096 622 1131; x_wconf 87' lang='lat' dir='ltr'>honor</span> <span class='ocrx_word' id='word_1_143' title='bbox 651 1095 803 1130; x_wconf 81' lang='lat' dir='ltr'>habitus</span> <span class='ocrx_word' id='word_1_144' title='bbox 834 1102 900 1130; x_wconf 83' lang='lat' dir='ltr'>est.</span> 
     </span>
    </p>

    <p class='ocr_par' dir='ltr' id='par_1_3' title="bbox 77 1148 1493 1689">
     <span class='ocr_line' id='line_1_18' title="bbox 188 1148 1489 1198; baseline 0 -13"><span class='ocrx_word' id='word_1_145' title='bbox 188 1150 284 1198; x_wconf 82' lang='lat' dir='ltr'>Cap.</span> <span class='ocrx_word' id='word_1_146' title='bbox 325 1152 392 1195; x_wconf 70' lang='lat'>12,</span> <span class='ocrx_word' id='word_1_147' title='bbox 425 1154 445 1186; x_wconf 78' lang='lat'>3</span> <span class='ocrx_word' id='word_1_148' title='bbox 477 1150 515 1186; x_wconf 88' lang='lat' dir='ltr'>in</span> <span class='ocrx_word' id='word_1_149' title='bbox 549 1150 688 1186; x_wconf 83' lang='lat' dir='ltr'>codicis</span> <span class='ocrx_word' id='word_1_150' title='bbox 727 1149 936 1197; x_wconf 84' lang='lat' dir='ltr'>scriptura,</span> <span class='ocrx_word' id='word_1_151' title='bbox 982 1161 1065 1196; x_wconf 86' lang='lat' dir='ltr'>quae</span> <span class='ocrx_word' id='word_1_152' title='bbox 1105 1161 1126 1184; x_wconf 85' lang='lat' dir='ltr'><strong>a</strong></span> <span class='ocrx_word' id='word_1_153' title='bbox 1164 1148 1299 1184; x_wconf 84' lang='lat' dir='ltr'>ceteris</span> <span class='ocrx_word' id='word_1_154' title='bbox 1340 1156 1489 1185; x_wconf 85' lang='lat' dir='ltr'>retenta</span> 
     </span>
     <span class='ocr_line' id='line_1_19' title="bbox 77 1204 1489 1252; baseline 0 -12"><span class='ocrx_word' id='word_1_155' title='bbox 77 1205 157 1241; x_wconf 87' lang='lat' dir='ltr'>sine</span> <span class='ocrx_word' id='word_1_156' title='bbox 188 1205 422 1241; x_wconf 75' lang='lat' dir='ltr'>dubitatione</span> <span class='ocrx_word' id='word_1_157' title='bbox 452 1213 520 1251; x_wconf 91' lang='lat' dir='ltr'>est,</span> <span class='ocrx_word' id='word_1_158' title='bbox 550 1205 686 1241; x_wconf 84' lang='lat' dir='ltr'>vitiose</span> <span class='ocrx_word' id='word_1_159' title='bbox 716 1205 800 1240; x_wconf 82' lang='lat' dir='ltr'>duae</span> <span class='ocrx_word' id='word_1_160' title='bbox 833 1217 893 1240; x_wconf 86' lang='lat' dir='ltr'>res</span> <span class='ocrx_word' id='word_1_161' title='bbox 923 1204 959 1240; x_wconf 92' lang='lat' dir='ltr'>in</span> <span class='ocrx_word' id='word_1_162' title='bbox 991 1216 1106 1239; x_wconf 87' lang='lat' dir='ltr'>unum</span> <span class='ocrx_word' id='word_1_163' title='bbox 1138 1204 1371 1248; x_wconf 58' lang='lat' dir='ltr'>conflanitum</span> <span class='ocrx_word' id='word_1_164' title='bbox 1412 1204 1489 1252; x_wconf 87' lang='lat' dir='ltr'>pri·</span> 
     </span>
     <span class='ocr_line' id='line_1_20' title="bbox 79 1259 1489 1306; baseline -0.001 -11"><span class='ocrx_word' id='word_1_165' title='bbox 79 1272 179 1295; x_wconf 89' lang='lat' dir='ltr'>mum</span> <span class='ocrx_word' id='word_1_166' title='bbox 212 1261 309 1296; x_wconf 88' lang='lat' dir='ltr'>enim</span> <span class='ocrx_word' id='word_1_167' title='bbox 340 1268 494 1296; x_wconf 81' lang='lat' dir='ltr'>senatus</span> <span class='ocrx_word' id='word_1_168' title='bbox 526 1260 738 1295; x_wconf 88' lang='lat' dir='ltr'>consultum</span> <span class='ocrx_word' id='word_1_169' title='bbox 771 1259 914 1295; x_wconf 83' lang='lat' dir='ltr'>factum</span> <span class='ocrx_word' id='word_1_170' title='bbox 938 1266 1007 1301; x_wconf 79' lang='lat' dir='ltr'>est,</span> <span class='ocrx_word' id='word_1_171' title='bbox 1038 1266 1078 1294; x_wconf 51' lang='lat' dir='ltr'>ut&gt;</span> <span class='ocrx_word' id='word_1_172' title='bbox 1099 1259 1215 1306; x_wconf 85' lang='lat' dir='ltr'>prius,</span> <span class='ocrx_word' id='word_1_173' title='bbox 1250 1271 1363 1306; x_wconf 82' lang='lat' dir='ltr'>quam</span> <span class='ocrx_word' id='word_1_174' title='bbox 1398 1271 1489 1294; x_wconf 90' lang='lat' dir='ltr'>con-</span> 
     </span>
     <span class='ocr_line' id='line_1_21' title="bbox 77 1313 1488 1362; baseline -0.001 -12"><span class='ocrx_word' id='word_1_175' title='bbox 77 1314 176 1351; x_wconf 81' lang='lat' dir='ltr'>sules</span> <span class='ocrx_word' id='word_1_176' title='bbox 206 1315 423 1362; x_wconf 76' lang='lat' dir='ltr'>provincius</span> <span class='ocrx_word' id='word_1_177' title='bbox 454 1315 701 1359; x_wconf 86' lang='lat' dir='ltr'>sortirentur,</span> <span class='ocrx_word' id='word_1_178' title='bbox 747 1314 1051 1361; x_wconf 86' lang='lat' dir='ltr'>supplementum</span> <span class='ocrx_word' id='word_1_179' title='bbox 1092 1313 1130 1348; x_wconf 91' lang='lat' dir='ltr'>in</span> <span class='ocrx_word' id='word_1_180' title='bbox 1169 1320 1369 1360; x_wconf 79' lang='lat' dir='ltr'>utramque</span> <span class='ocrx_word' id='word_1_181' title='bbox 1400 1326 1488 1361; x_wconf 90' lang='lat' dir='ltr'>pro-</span> 
     </span>
     <span class='ocr_line' id='line_1_22' title="bbox 77 1368 1487 1416; baseline 0.001 -12"><span class='ocrx_word' id='word_1_182' title='bbox 77 1369 240 1405; x_wconf 81' lang='lat' dir='ltr'>vinciam</span> <span class='ocrx_word' id='word_1_183' title='bbox 281 1371 567 1414; x_wconf 76' lang='lat' dir='ltr'>decerneretur,</span> <span class='ocrx_word' id='word_1_184' title='bbox 612 1369 749 1405; x_wconf 80' lang='lat' dir='ltr'>deinde</span> <span class='ocrx_word' id='word_1_185' title='bbox 786 1370 864 1405; x_wconf 86' lang='lat' dir='ltr'>haec</span> <span class='ocrx_word' id='word_1_186' title='bbox 908 1369 991 1416; x_wconf 83' lang='lat' dir='ltr'>ipsa</span> <span class='ocrx_word' id='word_1_187' title='bbox 1029 1368 1293 1416; x_wconf 83' lang='lat' dir='ltr'>supplementa</span> <span class='ocrx_word' id='word_1_188' title='bbox 1336 1368 1487 1405; x_wconf 79' lang='lat' dir='ltr'>decreta</span> 
     </span>
     <span class='ocr_line' id='line_1_23' title="bbox 78 1422 1491 1472; baseline 0 -12"><span class='ocrx_word' id='word_1_189' title='bbox 78 1433 184 1468; x_wconf 77' lang='lat' dir='ltr'>sunt3</span> <span class='ocrx_word' id='word_1_190' title='bbox 216 1425 430 1472; x_wconf 74' lang='lat' dir='ltr'>vitioseque</span> <span class='ocrx_word' id='word_1_191' title='bbox 461 1432 658 1468; x_wconf 74' lang='lat' dir='ltr'>narratur,</span> <span class='ocrx_word' id='word_1_192' title='bbox 696 1424 886 1472; x_wconf 78' lang='lat' dir='ltr'>placuisse</span> <span class='ocrx_word' id='word_1_193' title='bbox 916 1422 1065 1459; x_wconf 84' lang='lat' dir='ltr'>decerni</span> <span class='ocrx_word' id='word_1_194' title='bbox 1097 1432 1238 1458; x_wconf 86' lang='lat' dir='ltr'>certum</span> <span class='ocrx_word' id='word_1_195' title='bbox 1270 1435 1491 1468; x_wconf 84' lang='lat' dir='ltr'>numerum3</span> 
     </span>
     <span class='ocr_line' id='line_1_24' title="bbox 79 1477 1491 1526; baseline 0 -12"><span class='ocrx_word' id='word_1_196' title='bbox 79 1478 112 1514; x_wconf 88' lang='lat' dir='ltr'>is</span> <span class='ocrx_word' id='word_1_197' title='bbox 142 1479 240 1514; x_wconf 89' lang='lat' dir='ltr'>enim</span> <span class='ocrx_word' id='word_1_198' title='bbox 273 1480 446 1515; x_wconf 79' lang='lat' dir='ltr'>decretus</span> <span class='ocrx_word' id='word_1_199' title='bbox 478 1486 534 1515; x_wconf 82' lang='lat' dir='ltr'>est</span> <span class='ocrx_word' id='word_1_200' title='bbox 564 1479 760 1526; x_wconf 81' lang='lat' dir='ltr'>(placuit),</span> <span class='ocrx_word' id='word_1_201' title='bbox 798 1490 874 1513; x_wconf 89' lang='lat' dir='ltr'>non</span> <span class='ocrx_word' id='word_1_202' title='bbox 904 1477 1048 1526; x_wconf 81' lang='lat' dir='ltr'>placuit</span> <span class='ocrx_word' id='word_1_203' title='bbox 1078 1489 1162 1513; x_wconf 89' lang='lat' dir='ltr'>eum</span> <span class='ocrx_word' id='word_1_204' title='bbox 1194 1478 1356 1514; x_wconf 85' lang='lat' dir='ltr'>decerni.</span> <span class='ocrx_word' id='word_1_205' title='bbox 1421 1478 1491 1514; x_wconf 90' lang='lat' dir='ltr'>Vi-</span> 
     </span>
     <span class='ocr_line' id='line_1_25' title="bbox 80 1532 1493 1580; baseline 0.001 -12"><span class='ocrx_word' id='word_1_206' title='bbox 80 1533 171 1569; x_wconf 87' lang='lat' dir='ltr'>tium</span> <span class='ocrx_word' id='word_1_207' title='bbox 203 1534 396 1570; x_wconf 85' lang='lat' dir='ltr'>sententiae</span> <span class='ocrx_word' id='word_1_208' title='bbox 436 1540 473 1569; x_wconf 82' lang='lat' dir='ltr'>et</span> <span class='ocrx_word' id='word_1_209' title='bbox 513 1533 696 1569; x_wconf 86' lang='lat' dir='ltr'>orationis</span> <span class='ocrx_word' id='word_1_210' title='bbox 732 1533 867 1569; x_wconf 83' lang='lat' dir='ltr'>sustuli</span> <span class='ocrx_word' id='word_1_211' title='bbox 906 1532 1082 1580; x_wconf 85' lang='lat' dir='ltr'>suppleto</span> <span class='ocrx_word' id='word_1_212' title='bbox 1122 1533 1261 1576; x_wconf 79' lang='lat' dir='ltr'>verbo,</span> <span class='ocrx_word' id='word_1_213' title='bbox 1302 1533 1405 1580; x_wconf 89' lang='lat' dir='ltr'>quod</span> <span class='ocrx_word' id='word_1_214' title='bbox 1435 1534 1493 1570; x_wconf 86' lang='lat' dir='ltr'>bis</span> 
     </span>
     <span class='ocr_line' id='line_1_26' title="bbox 79 1587 1491 1637; baseline 0.002 -15"><span class='ocrx_word' id='word_1_215' title='bbox 79 1587 245 1635; x_wconf 85' lang='lat' dir='ltr'>positum</span> <span class='ocrx_word' id='word_1_216' title='bbox 288 1600 312 1624; x_wconf 89' lang='lat' dir='ltr'>a</span> <span class='ocrx_word' id='word_1_217' title='bbox 351 1588 463 1624; x_wconf 90' lang='lat' dir='ltr'>Livio</span> <span class='ocrx_word' id='word_1_218' title='bbox 511 1588 665 1623; x_wconf 88' lang='lat' dir='ltr'>diversa</span> <span class='ocrx_word' id='word_1_219' title='bbox 705 1587 832 1624; x_wconf 85' lang='lat' dir='ltr'>forma</span> <span class='ocrx_word' id='word_1_220' title='bbox 875 1587 991 1623; x_wconf 85' lang='lat' dir='ltr'>semel</span> <span class='ocrx_word' id='word_1_221' title='bbox 1037 1600 1060 1623; x_wconf 81' lang='lat' dir='ltr'>a</span> <span class='ocrx_word' id='word_1_222' title='bbox 1103 1587 1260 1623; x_wconf 85' lang='lat' dir='ltr'>librario</span> <span class='ocrx_word' id='word_1_223' title='bbox 1308 1588 1491 1637; x_wconf 85' lang='lat' dir='ltr'>scriptum</span> 
     </span>
     <span class='ocr_line' id='line_1_27' title="bbox 80 1639 192 1689; baseline -0.009 -11"><span class='ocrx_word' id='word_1_224' title='bbox 80 1649 148 1678; x_wconf 90' lang='lat' dir='ltr'>est.</span> <span class='ocrx_word' id='word_1_225' title='bbox 162 1639 192 1689; x_wconf 83' lang='lat'>¹)</span> 
     </span>
    </p>

    <p class='ocr_par' dir='ltr' id='par_1_4' title="bbox 81 1695 1493 1913">
     <span class='ocr_line' id='line_1_28' title="bbox 192 1695 1492 1747; baseline 0.002 -14"><span class='ocrx_word' id='word_1_226' title='bbox 192 1695 287 1746; x_wconf 83' lang='lat' dir='ltr'>Cap.</span> <span class='ocrx_word' id='word_1_227' title='bbox 321 1698 384 1741; x_wconf 83' lang='lat'>21,</span> <span class='ocrx_word' id='word_1_228' title='bbox 410 1701 430 1734; x_wconf 72' lang='lat'>4</span> <span class='ocrx_word' id='word_1_229' title='bbox 465 1709 580 1745; x_wconf 88' lang='lat' dir='ltr'>quum</span> <span class='ocrx_word' id='word_1_230' title='bbox 611 1698 648 1733; x_wconf 90' lang='lat' dir='ltr'>in</span> <span class='ocrx_word' id='word_1_231' title='bbox 680 1697 811 1734; x_wconf 88' lang='lat' dir='ltr'>codice</span> <span class='ocrx_word' id='word_1_232' title='bbox 848 1705 945 1733; x_wconf 83' lang='lat' dir='ltr'>esset</span> <span class='ocrx_word' id='word_1_233' title='bbox 987 1699 1126 1734; x_wconf 66' lang='lat' dir='ltr'>aumilia</span> <span class='ocrx_word' id='word_1_234' title='bbox 1156 1698 1325 1734; x_wconf 67' lang='lat' dir='ltr'>cimanum</span> <span class='ocrx_word' id='word_1_235' title='bbox 1355 1704 1492 1747; x_wconf 80' lang='lat' dir='ltr'>tespro-</span> 
     </span>
     <span class='ocr_line' id='line_1_29' title="bbox 83 1752 1492 1801; baseline 0.001 -13"><span class='ocrx_word' id='word_1_236' title='bbox 83 1758 279 1800; x_wconf 72' lang='lat' dir='ltr'>torumque,</span> <span class='ocrx_word' id='word_1_237' title='bbox 310 1752 500 1801; x_wconf 78' lang='lat' dir='ltr'>Grynaeus</span> <span class='ocrx_word' id='word_1_238' title='bbox 530 1753 779 1788; x_wconf 79' lang='lat' dir='ltr'>Athamanum</span> <span class='ocrx_word' id='word_1_239' title='bbox 814 1752 1164 1801; x_wconf 74' lang='lat' dir='ltr'>Thesprotorumque</span> <span class='ocrx_word' id='word_1_240' title='bbox 1193 1753 1355 1801; x_wconf 84' lang='lat' dir='ltr'>scripsit.</span> <span class='ocrx_word' id='word_1_241' title='bbox 1415 1755 1492 1791; x_wconf 79' lang='lat' dir='ltr'>Sed</span> 
     </span>
     <span class='ocr_line' id='line_1_30' title="bbox 81 1807 1493 1855; baseline 0.002 -13"><span class='ocrx_word' id='word_1_242' title='bbox 81 1807 344 1851; x_wconf 73' lang='lat' dir='ltr'>AthamaneS,</span> <span class='ocrx_word' id='word_1_243' title='bbox 382 1820 542 1855; x_wconf 89' lang='lat' dir='ltr'>quorum</span> <span class='ocrx_word' id='word_1_244' title='bbox 573 1808 611 1844; x_wconf 90' lang='lat' dir='ltr'>in</span> <span class='ocrx_word' id='word_1_245' title='bbox 646 1808 774 1844; x_wconf 81' lang='lat' dir='ltr'>Persei</span> <span class='ocrx_word' id='word_1_246' title='bbox 802 1807 900 1844; x_wconf 86' lang='lat' dir='ltr'>bello</span> <span class='ocrx_word' id='word_1_247' title='bbox 930 1808 1036 1844; x_wconf 85' lang='lat' dir='ltr'>nulla</span> <span class='ocrx_word' id='word_1_248' title='bbox 1066 1809 1220 1844; x_wconf 89' lang='lat' dir='ltr'>omnino</span> <span class='ocrx_word' id='word_1_249' title='bbox 1253 1809 1394 1845; x_wconf 86' lang='lat' dir='ltr'>mentio</span> <span class='ocrx_word' id='word_1_250' title='bbox 1424 1816 1493 1855; x_wconf 82' lang='lat' dir='ltr'>est,</span> 
     </span>
     <span class='ocr_line' id='line_1_31' title="bbox 81 1862 1492 1913; baseline 0.001 -15"><span class='ocrx_word' id='word_1_251' title='bbox 81 1868 120 1897; x_wconf 85' lang='lat' dir='ltr'>et</span> <span class='ocrx_word' id='word_1_252' title='bbox 149 1862 198 1898; x_wconf 85' lang='lat' dir='ltr'>ab</span> <span class='ocrx_word' id='word_1_253' title='bbox 228 1862 273 1898; x_wconf 92' lang='lat' dir='ltr'>iis</span> <span class='ocrx_word' id='word_1_254' title='bbox 303 1862 418 1907; x_wconf 87' lang='lat' dir='ltr'>locis,</span> <span class='ocrx_word' id='word_1_255' title='bbox 447 1862 485 1898; x_wconf 93' lang='lat' dir='ltr'>in</span> <span class='ocrx_word' id='word_1_256' title='bbox 516 1863 654 1911; x_wconf 80' lang='lat' dir='ltr'>quibus</span> <span class='ocrx_word' id='word_1_257' title='bbox 684 1865 761 1911; x_wconf 88' lang='lat' dir='ltr'>Ap.</span> <span class='ocrx_word' id='word_1_258' title='bbox 795 1862 979 1899; x_wconf 83' lang='lat' dir='ltr'>Claudius</span> <span class='ocrx_word' id='word_1_259' title='bbox 1011 1876 1090 1899; x_wconf 87' lang='lat' dir='ltr'>rem</span> <span class='ocrx_word' id='word_1_260' title='bbox 1122 1864 1300 1911; x_wconf 79' lang='lat' dir='ltr'>gerebat,</span> <span class='ocrx_word' id='word_1_261' title='bbox 1341 1863 1492 1913; x_wconf 86' lang='lat' dir='ltr'>longius</span> 
     </span>
    </p>
   </div>
   <div class='ocr_carea' id='block_1_3' title="bbox 120 2036 1503 2671">
    <p class='ocr_par' dir='ltr' id='par_1_5' title="bbox 120 2036 1503 2671">
     <span class='ocr_line' id='line_1_32' title="bbox 120 2036 1494 2080; baseline 0.002 -12"><span class='ocrx_word' id='word_1_262' title='bbox 120 2036 151 2080; x_wconf 89' lang='lat'>¹)</span> <span class='ocrx_word' id='word_1_263' title='bbox 177 2038 260 2079; x_wconf 83' lang='lat' dir='ltr'>Cap.</span> <span class='ocrx_word' id='word_1_264' title='bbox 296 2042 346 2074; x_wconf 82' lang='lat'>11,</span> <span class='ocrx_word' id='word_1_265' title='bbox 380 2042 398 2069; x_wconf 89' lang='lat'><strong>3</strong></span> <span class='ocrx_word' id='word_1_266' title='bbox 426 2038 561 2068; x_wconf 82' lang='lat' dir='ltr'>Vahlen</span> <span class='ocrx_word' id='word_1_267' title='bbox 593 2047 625 2068; x_wconf 81' lang='lat' dir='ltr'>et</span> <span class='ocrx_word' id='word_1_268' title='bbox 660 2038 813 2069; x_wconf 73' lang='lat' dir='ltr'>Hertzius</span> <span class='ocrx_word' id='word_1_269' title='bbox 853 2038 1120 2068; x_wconf 62' lang='lat' dir='ltr'>emendationem</span> <span class='ocrx_word' id='word_1_270' title='bbox 1156 2048 1264 2070; x_wconf 82' lang='lat' dir='ltr'>meam</span> <span class='ocrx_word' id='word_1_271' title='bbox 1300 2050 1400 2080; x_wconf 88' lang='lat' dir='ltr'>qnum</span> <span class='ocrx_word' id='word_1_272' title='bbox 1438 2042 1494 2071; x_wconf 80' lang='lat' dir='ltr'>ad-</span> 
     </span>
     <span class='ocr_line' id='line_1_33' title="bbox 177 2083 1496 2125; baseline 0.002 -10"><span class='ocrx_word' id='word_1_273' title='bbox 177 2086 289 2116; x_wconf 81' lang='lat' dir='ltr'>iuvare</span> <span class='ocrx_word' id='word_1_274' title='bbox 314 2084 448 2120; x_wconf 77' lang='lat' dir='ltr'>vellent,</span> <span class='ocrx_word' id='word_1_275' title='bbox 475 2091 716 2125; x_wconf 81' lang='lat' dir='ltr'>corruperunt3</span> <span class='ocrx_word' id='word_1_276' title='bbox 742 2094 819 2114; x_wconf 80' lang='lat' dir='ltr'>nam</span> <span class='ocrx_word' id='word_1_277' title='bbox 849 2091 882 2113; x_wconf 89' lang='lat' dir='ltr'>ut</span> <span class='ocrx_word' id='word_1_278' title='bbox 910 2083 1024 2114; x_wconf 80' lang='lat' dir='ltr'>Livius</span> <span class='ocrx_word' id='word_1_279' title='bbox 1050 2085 1215 2115; x_wconf 79' lang='lat' dir='ltr'>interdum</span> <span class='ocrx_word' id='word_1_280' title='bbox 1235 2095 1334 2116; x_wconf 85' lang='lat' dir='ltr'>voces</span> <span class='ocrx_word' id='word_1_281' title='bbox 1362 2088 1496 2118; x_wconf 83' lang='lat' dir='ltr'>easdem</span> 
     </span>
     <span class='ocr_line' id='line_1_34' title="bbox 178 2130 1495 2171; baseline 0.001 -9"><span class='ocrx_word' id='word_1_282' title='bbox 178 2131 268 2162; x_wconf 81' lang='lat' dir='ltr'>brevi</span> <span class='ocrx_word' id='word_1_283' title='bbox 295 2131 402 2171; x_wconf 86' lang='lat' dir='ltr'>spatio</span> <span class='ocrx_word' id='word_1_284' title='bbox 428 2136 573 2171; x_wconf 77' lang='lat' dir='ltr'>repetat,</span> <span class='ocrx_word' id='word_1_285' title='bbox 609 2140 776 2170; x_wconf 75' lang='lat' dir='ltr'>nusquam</span> <span class='ocrx_word' id='word_1_286' title='bbox 813 2136 924 2160; x_wconf 83' lang='lat' dir='ltr'>tamen</span> <span class='ocrx_word' id='word_1_287' title='bbox 962 2130 1008 2159; x_wconf 76' lang='lat' dir='ltr'>ita</span> <span class='ocrx_word' id='word_1_288' title='bbox 1038 2139 1079 2160; x_wconf 83' lang='lat' dir='ltr'>cx</span> <span class='ocrx_word' id='word_1_289' title='bbox 1106 2131 1290 2162; x_wconf 76' lang='lat' dir='ltr'>abundanti</span> <span class='ocrx_word' id='word_1_290' title='bbox 1317 2132 1350 2162; x_wconf 89' lang='lat' dir='ltr'>in</span> <span class='ocrx_word' id='word_1_291' title='bbox 1378 2133 1495 2164; x_wconf 79' lang='lat' dir='ltr'>vitium</span> 
     </span>
     <span class='ocr_line' id='line_1_35' title="bbox 179 2175 1495 2212; baseline 0.002 -5"><span class='ocrx_word' id='word_1_292' title='bbox 179 2177 256 2212; x_wconf 86' lang='lat' dir='ltr'>ruit,</span> <span class='ocrx_word' id='word_1_293' title='bbox 283 2184 319 2206; x_wconf 79' lang='lat' dir='ltr'>ut</span> <span class='ocrx_word' id='word_1_294' title='bbox 343 2176 482 2207; x_wconf 78' lang='lat' dir='ltr'>scribat:</span> <span class='ocrx_word' id='word_1_295' title='bbox 525 2177 652 2207; x_wconf 75' lang='lat' dir='ltr'>comitia</span> <span class='ocrx_word' id='word_1_296' title='bbox 677 2177 721 2208; x_wconf 79' lang='lat' dir='ltr'>ita</span> <span class='ocrx_word' id='word_1_297' title='bbox 746 2175 884 2212; x_wconf 72' lang='lat' dir='ltr'>edicere,</span> <span class='ocrx_word' id='word_1_298' title='bbox 922 2182 953 2206; x_wconf 76' lang='lat' dir='ltr'>ut</span> <span class='ocrx_word' id='word_1_299' title='bbox 984 2177 1110 2207; x_wconf 74' lang='lat' dir='ltr'>comitia</span> <span class='ocrx_word' id='word_1_300' title='bbox 1136 2177 1189 2208; x_wconf 82' lang='lat' dir='ltr'>illo</span> <span class='ocrx_word' id='word_1_301' title='bbox 1215 2183 1245 2208; x_wconf 77' lang='lat' dir='ltr'>et</span> <span class='ocrx_word' id='word_1_302' title='bbox 1269 2177 1322 2209; x_wconf 82' lang='lat' dir='ltr'>illo</span> <span class='ocrx_word' id='word_1_303' title='bbox 1349 2177 1400 2209; x_wconf 82' lang='lat' dir='ltr'>die</span> <span class='ocrx_word' id='word_1_304' title='bbox 1423 2179 1495 2211; x_wconf 80' lang='lat' dir='ltr'>sint.</span> 
     </span>
     <span class='ocr_line' id='line_1_36' title="bbox 180 2222 1497 2266; baseline 0.002 -13"><span class='ocrx_word' id='word_1_305' title='bbox 180 2223 297 2264; x_wconf 80' lang='lat' dir='ltr'>Itaque</span> <span class='ocrx_word' id='word_1_306' title='bbox 323 2232 424 2262; x_wconf 83' lang='lat' dir='ltr'>prave</span> <span class='ocrx_word' id='word_1_307' title='bbox 449 2229 664 2253; x_wconf 80' lang='lat' dir='ltr'>attrectatum</span> <span class='ocrx_word' id='word_1_308' title='bbox 693 2230 761 2254; x_wconf 81' lang='lat' dir='ltr'>est.</span> <span class='ocrx_word' id='word_1_309' title='bbox 788 2223 877 2263; x_wconf 86' lang='lat' dir='ltr'>quod</span> <span class='ocrx_word' id='word_1_310' title='bbox 904 2224 938 2252; x_wconf 87' lang='lat' dir='ltr'>in</span> <span class='ocrx_word' id='word_1_311' title='bbox 964 2222 1080 2253; x_wconf 76' lang='lat' dir='ltr'>conice</span> <span class='ocrx_word' id='word_1_312' title='bbox 1107 2230 1195 2254; x_wconf 76' lang='lat' dir='ltr'>recte</span> <span class='ocrx_word' id='word_1_313' title='bbox 1221 2224 1397 2261; x_wconf 79' lang='lat' dir='ltr'>scribitur,</span> <span class='ocrx_word' id='word_1_314' title='bbox 1423 2235 1497 2266; x_wconf 76' lang='lat' dir='ltr'>pos-</span> 
     </span>
     <span class='ocr_line' id='line_1_37' title="bbox 178 2268 1496 2312; baseline 0.002 -13"><span class='ocrx_word' id='word_1_315' title='bbox 178 2274 254 2306; x_wconf 79' lang='lat' dir='ltr'>sent,</span> <span class='ocrx_word' id='word_1_316' title='bbox 280 2277 382 2309; x_wconf 79' lang='lat' dir='ltr'>prave</span> <span class='ocrx_word' id='word_1_317' title='bbox 408 2277 585 2305; x_wconf 80' lang='lat' dir='ltr'>servatum,</span> <span class='ocrx_word' id='word_1_318' title='bbox 623 2270 713 2310; x_wconf 89' lang='lat' dir='ltr'>quod</span> <span class='ocrx_word' id='word_1_319' title='bbox 741 2279 800 2309; x_wconf 81' lang='lat' dir='ltr'>pro</span> <span class='ocrx_word' id='word_1_320' title='bbox 826 2268 941 2308; x_wconf 69' lang='lat' dir='ltr'>confici</span> <span class='ocrx_word' id='word_1_321' title='bbox 965 2277 1007 2297; x_wconf 79' lang='lat' dir='ltr'>ex</span> <span class='ocrx_word' id='word_1_322' title='bbox 1034 2270 1207 2310; x_wconf 85' lang='lat' dir='ltr'>superiore</span> <span class='ocrx_word' id='word_1_323' title='bbox 1233 2280 1334 2301; x_wconf 82' lang='lat' dir='ltr'>versu</span> <span class='ocrx_word' id='word_1_324' title='bbox 1360 2279 1496 2312; x_wconf 84' lang='lat' dir='ltr'>propter</span> 
     </span>
     <span class='ocr_line' id='line_1_38' title="bbox 180 2314 1497 2355; baseline 0.003 -11"><span class='ocrx_word' id='word_1_325' title='bbox 180 2316 364 2355; x_wconf 77' lang='lat' dir='ltr'>primm-um</span> <span class='ocrx_word' id='word_1_326' title='bbox 390 2314 576 2345; x_wconf 78' lang='lat' dir='ltr'>litterarum</span> <span class='ocrx_word' id='word_1_327' title='bbox 604 2316 855 2346; x_wconf 78' lang='lat' dir='ltr'>similitudinem</span> <span class='ocrx_word' id='word_1_328' title='bbox 883 2315 1059 2354; x_wconf 78' lang='lat' dir='ltr'>subrepsit,</span> <span class='ocrx_word' id='word_1_329' title='bbox 1080 2316 1215 2347; x_wconf 71' lang='lat' dir='ltr'>comitia.</span> <span class='ocrx_word' id='word_1_330' title='bbox 1257 2316 1323 2347; x_wconf 83' lang='lat' dir='ltr'>Sed</span> <span class='ocrx_word' id='word_1_331' title='bbox 1350 2318 1430 2348; x_wconf 86' lang='lat' dir='ltr'>satis</span> <span class='ocrx_word' id='word_1_332' title='bbox 1456 2318 1497 2349; x_wconf 89' lang='lat' dir='ltr'>de</span> 
     </span>
     <span class='ocr_line' id='line_1_39' title="bbox 180 2361 1498 2401; baseline 0.002 -9"><span class='ocrx_word' id='word_1_333' title='bbox 180 2361 370 2392; x_wconf 86' lang='lat' dir='ltr'>huiusmodi</span> <span class='ocrx_word' id='word_1_334' title='bbox 398 2361 495 2391; x_wconf 84' lang='lat' dir='ltr'>rebus</span> <span class='ocrx_word' id='word_1_335' title='bbox 522 2362 609 2398; x_wconf 82' lang='lat' dir='ltr'>dixi3</span> <span class='ocrx_word' id='word_1_336' title='bbox 649 2363 814 2401; x_wconf 79' lang='lat' dir='ltr'>attingam</span> <span class='ocrx_word' id='word_1_337' title='bbox 843 2368 956 2392; x_wconf 81' lang='lat' dir='ltr'>tamen</span> <span class='ocrx_word' id='word_1_338' title='bbox 983 2362 1015 2390; x_wconf 90' lang='lat' dir='ltr'>in</span> <span class='ocrx_word' id='word_1_339' title='bbox 1041 2371 1069 2392; x_wconf 93' lang='lat' dir='ltr'>c.</span> <span class='ocrx_word' id='word_1_340' title='bbox 1103 2366 1152 2399; x_wconf 83' lang='lat'>14,</span> <span class='ocrx_word' id='word_1_341' title='bbox 1181 2365 1199 2392; x_wconf 88' lang='lat'>6</span> <span class='ocrx_word' id='word_1_342' title='bbox 1227 2363 1329 2398; x_wconf 72' lang='lat' dir='ltr'>mire,</span> <span class='ocrx_word' id='word_1_343' title='bbox 1355 2362 1498 2395; x_wconf 87' lang='lat' dir='ltr'>Dukero</span> 
     </span>
     <span class='ocr_line' id='line_1_40' title="bbox 181 2407 1498 2450; baseline 0.002 -13"><span class='ocrx_word' id='word_1_344' title='bbox 181 2414 334 2442; x_wconf 82' lang='lat' dir='ltr'>auctore,</span> <span class='ocrx_word' id='word_1_345' title='bbox 361 2407 563 2446; x_wconf 76' lang='lat' dir='ltr'>geminatam</span> <span class='ocrx_word' id='word_1_346' title='bbox 592 2409 633 2438; x_wconf 84' lang='lat' dir='ltr'>de</span> <span class='ocrx_word' id='word_1_347' title='bbox 657 2407 770 2439; x_wconf 78' lang='lat' dir='ltr'>futuro</span> <span class='ocrx_word' id='word_1_348' title='bbox 787 2408 1246 2448; x_wconf 76' lang='lat' dir='ltr'>temporeinterrogationem</span> <span class='ocrx_word' id='word_1_349' title='bbox 1275 2413 1321 2447; x_wconf 74' lang='lat' dir='ltr'>[tu</span> <span class='ocrx_word' id='word_1_350' title='bbox 1342 2427 1380 2431; x_wconf 96' lang='lat'>—</span> <span class='ocrx_word' id='word_1_351' title='bbox 1395 2409 1498 2450; x_wconf 84' lang='lat' dir='ltr'>procl-</span> 
     </span>
     <span class='ocr_line' id='line_1_41' title="bbox 183 2452 1500 2494; baseline 0.003 -11"><span class='ocrx_word' id='word_1_352' title='bbox 183 2453 240 2484; x_wconf 78' lang='lat' dir='ltr'>ibe‘s</span> <span class='ocrx_word' id='word_1_353' title='bbox 272 2459 300 2483; x_wconf 79' lang='lat' dir='ltr'>et</span> <span class='ocrx_word' id='word_1_354' title='bbox 335 2470 374 2474; x_wconf 89' lang='lat'>—-</span> <span class='ocrx_word' id='word_1_355' title='bbox 407 2452 582 2494; x_wconf 77' lang='lat' dir='ltr'>prodibis),</span> <span class='ocrx_word' id='word_1_356' title='bbox 619 2463 721 2494; x_wconf 89' lang='lat' dir='ltr'>quum</span> <span class='ocrx_word' id='word_1_357' title='bbox 755 2462 787 2485; x_wconf 84' lang='lat' dir='ltr'>et</span> <span class='ocrx_word' id='word_1_358' title='bbox 813 2453 979 2484; x_wconf 80' lang='lat' dir='ltr'>sententia</span> <span class='ocrx_word' id='word_1_359' title='bbox 1005 2459 1039 2484; x_wconf 85' lang='lat' dir='ltr'>et</span> <span class='ocrx_word' id='word_1_360' title='bbox 1063 2455 1209 2494; x_wconf 84' lang='lat' dir='ltr'>vestigia</span> <span class='ocrx_word' id='word_1_361' title='bbox 1238 2454 1417 2486; x_wconf 78' lang='lat' dir='ltr'>manifesta</span> <span class='ocrx_word' id='word_1_362' title='bbox 1443 2466 1500 2488; x_wconf 89' lang='lat' dir='ltr'>co·</span> 
     </span>
     <span class='ocr_line' id='line_1_42' title="bbox 183 2497 1503 2541; baseline 0.003 -12"><span class='ocrx_word' id='word_1_363' title='bbox 183 2499 266 2530; x_wconf 84' lang='lat' dir='ltr'>dicis</span> <span class='ocrx_word' id='word_1_364' title='bbox 291 2497 434 2540; x_wconf 80' lang='lat' dir='ltr'>(proditi.</span> <span class='ocrx_word' id='word_1_365' title='bbox 461 2500 526 2530; x_wconf 87' lang='lat' dir='ltr'>hoc</span> <span class='ocrx_word' id='word_1_366' title='bbox 552 2506 612 2538; x_wconf 83' lang='lat' dir='ltr'>est,</span> <span class='ocrx_word' id='word_1_367' title='bbox 635 2499 791 2541; x_wconf 79' lang='lat' dir='ltr'>prodisti)</span> <span class='ocrx_word' id='word_1_368' title='bbox 805 2500 1003 2536; x_wconf 77' lang='lat' dir='ltr'>ostendant,</span> <span class='ocrx_word' id='word_1_369' title='bbox 1029 2500 1140 2541; x_wconf 81' lang='lat' dir='ltr'>priore</span> <span class='ocrx_word' id='word_1_370' title='bbox 1167 2501 1243 2532; x_wconf 87' lang='lat' dir='ltr'>loco</span> <span class='ocrx_word' id='word_1_371' title='bbox 1269 2501 1455 2541; x_wconf 71' lang='lat' dir='ltr'>pen-sectum</span> <span class='ocrx_word' id='word_1_372' title='bbox 1483 2512 1503 2533; x_wconf 80' lang='lat' dir='ltr'>a</span> 
     </span>
     <span class='ocr_line' id='line_1_43' title="bbox 181 2541 1502 2589; baseline 0.002 -13"><span class='ocrx_word' id='word_1_373' title='bbox 181 2546 280 2576; x_wconf 90' lang='lat' dir='ltr'>Livio</span> <span class='ocrx_word' id='word_1_374' title='bbox 312 2547 454 2586; x_wconf 86' lang='lat' dir='ltr'>positum</span> <span class='ocrx_word' id='word_1_375' title='bbox 491 2556 574 2578; x_wconf 86' lang='lat' dir='ltr'>esse.</span> <span class='ocrx_word' id='word_1_376' title='bbox 641 2541 807 2578; x_wconf 80' lang='lat' dir='ltr'>Censores</span> <span class='ocrx_word' id='word_1_377' title='bbox 841 2553 916 2586; x_wconf 85' lang='lat' dir='ltr'>post</span> <span class='ocrx_word' id='word_1_378' title='bbox 949 2555 1024 2576; x_wconf 90' lang='lat' dir='ltr'>eum</span> <span class='ocrx_word' id='word_1_379' title='bbox 1060 2547 1196 2578; x_wconf 84' lang='lat' dir='ltr'>demum</span> <span class='ocrx_word' id='word_1_380' title='bbox 1232 2548 1411 2585; x_wconf 73' lang='lat' dir='ltr'>dilectum,</span> <span class='ocrx_word' id='word_1_381' title='bbox 1445 2550 1502 2589; x_wconf 90' lang='lat' dir='ltr'>qui</span> 
     </span>
     <span class='ocr_line' id='line_1_44' title="bbox 182 2592 1503 2632; baseline 0.004 -10"><span class='ocrx_word' id='word_1_382' title='bbox 182 2602 272 2623; x_wconf 88' lang='lat' dir='ltr'>nunc</span> <span class='ocrx_word' id='word_1_383' title='bbox 286 2592 395 2632; x_wconf 86' lang='lat' dir='ltr'>ipsum</span> <span class='ocrx_word' id='word_1_384' title='bbox 416 2593 616 2631; x_wconf 84' lang='lat' dir='ltr'>habebatur,</span> <span class='ocrx_word' id='word_1_385' title='bbox 645 2603 780 2624; x_wconf 85' lang='lat' dir='ltr'>censum</span> <span class='ocrx_word' id='word_1_386' title='bbox 801 2593 908 2623; x_wconf 78' lang='lat' dir='ltr'>acturi</span> <span class='ocrx_word' id='word_1_387' title='bbox 924 2598 958 2623; x_wconf 85' lang='lat' dir='ltr'>et.</span> <span class='ocrx_word' id='word_1_388' title='bbox 974 2593 1212 2630; x_wconf 71' lang='lat' dir='ltr'>interrogaturi</span> <span class='ocrx_word' id='word_1_389' title='bbox 1238 2604 1281 2624; x_wconf 80' lang='lat' dir='ltr'>cx</span> <span class='ocrx_word' id='word_1_390' title='bbox 1306 2594 1417 2626; x_wconf 85' lang='lat' dir='ltr'>edicto</span> <span class='ocrx_word' id='word_1_391' title='bbox 1443 2606 1503 2627; x_wconf 88' lang='lat' dir='ltr'>suo</span> 
     </span>
     <span class='ocr_line' id='line_1_45' title="bbox 184 2638 1354 2671; baseline 0.003 -3"><span class='ocrx_word' id='word_1_392' title='bbox 184 2644 289 2669; x_wconf 79' lang='lat' dir='ltr'>erant.</span> <span class='ocrx_word' id='word_1_393' title='bbox 339 2638 454 2669; x_wconf 85' lang='lat' dir='ltr'>Nihilo</span> <span class='ocrx_word' id='word_1_394' title='bbox 479 2639 598 2670; x_wconf 80' lang='lat' dir='ltr'>melius</span> <span class='ocrx_word' id='word_1_395' title='bbox 624 2639 658 2670; x_wconf 77' lang='lat' dir='ltr'>hi</span> <span class='ocrx_word' id='word_1_396' title='bbox 678 2650 819 2670; x_wconf 74' lang='lat' dir='ltr'>censores</span> <span class='ocrx_word' id='word_1_397' title='bbox 842 2640 876 2669; x_wconf 91' lang='lat' dir='ltr'>in</span> <span class='ocrx_word' id='word_1_398' title='bbox 903 2638 950 2669; x_wconf 75' lang='lat' dir='ltr'>his</span> <span class='ocrx_word' id='word_1_399' title='bbox 975 2639 1151 2670; x_wconf 71' lang='lat' dir='ltr'>censoribus</span> <span class='ocrx_word' id='word_1_400' title='bbox 1177 2645 1354 2671; x_wconf 83' lang='lat' dir='ltr'>mutatum.</span> 
     </span>
    </p>
   </div>
  </div>
 </body>
</html>
