1753 2934
680 154 754 187 Lib.
783 152 1037 185 elx-Cxlfl.
1452 154 1500 188 69

711 285 772 316 Ex
800 284 888 316 LIB.
918 283 1008 320 cxl,

465 345 542 384 QUI
570 345 654 377 EST
681 344 850 377 CIVILIS
878 344 1013 376 BELLI
1041 343 1253 376 TERTIUS.

247 422 296 454 M.
323 420 446 453 Caelius
472 421 579 453 Rufus
606 428 728 462 praetor
756 432 855 462 quum
889 422 1068 452 seditiones
1101 421 1132 450 in
1164 420 1244 450 urbe
1271 419 1465 456 concitaret,
1498 427 1557 446 no-

153 492 270 513 varum
298 483 487 514 tabularum
514 493 571 524 spe
597 483 695 523 plebe
722 484 913 520 sollicitata,
941 483 1105 522 abrogato
1126 481 1324 520 magistratu
1343 479 1458 521 pulsus
1477 478 1557 508 urbe

154 544 273 575 Miloni
308 544 432 582 exsuli,
467 545 522 585 qui
558 544 772 584 fugitivorum
811 545 995 575 exercitum
1029 549 1260 580 contraxerat,
1300 552 1333 572 sc
1372 540 1556 571 coniunxit.

153 604 303 645 Uterque
338 616 438 646 quum
475 606 599 637 bellurn
632 606 848 639 molirentur.
886 604 1050 635 interfecti
1085 611 1171 635 sunt.
1230 603 1408 643 Cleopatra
1441 601 1558 640 regina

153 666 293 707 AEgypti
321 676 340 696 a.
366 667 548 697 Ptolcmaeo
581 666 681 698 fratre
708 677 811 705 regno
845 666 942 707 pulsa
974 673 1032 697 est.
1098 666 1238 706 Propter
1266 664 1306 703 Q.
1333 663 1440 694 Cassii
1474 673 1558 704 prae-

124 770 128 773 1
153 729 233 758 toris
270 728 442 758 avaritiam
476 729 775 768 crudelitatemque
805 728 1038 758 Cordubenses
1065 728 1098 758 in
1127 727 1288 768 Hispania
1325 736 1400 757 cum
1427 725 1557 755 duabus

152 789 368 820 Varronianis
403 789 592 827 legionibus
626 800 643 820 a
670 790 819 830 partibus
847 789 987 820 Caesaris
1015 790 1232 820 desciverunt.
1287 788 1348 819 Cn.
1376 787 1556 827 Pompeius

152 851 193 880 ad
223 851 446 891 Dyrrachium
474 852 627 882 obsessus
655 861 674 881 a
700 849 831 881 Caesare
857 857 898 885 et,
932 851 1093 892 praesidiis
1119 851 1189 881 eius
1215 859 1289 880 cum
1317 859 1437 887 magna
1464 848 1557 878 clade

152 913 291 942 diversae
316 913 419 952 partis
447 913 660 954 expugnatis,
699 912 873 943 obsidione
899 912 1072 952 liberatus,
1098 912 1260 942 translato
1287 912 1318 941 in
1345 911 1556 944 Thessaliam

151 975 253 1006 bello.
280 975 368 1016 apud
395 974 601 1005 Pharsaliam
628 974 699 1004 acie
725 975 828 1004 victus
855 979 913 1004 est.
948 971 1085 1004 'Cicero
1112 973 1144 1003 in
1172 974 1289 1004 castris
1315 974 1484 1004 remansit.
1510 973 1559 1002 vir

151 1036 235 1066 nihil
261 1037 372 1066 minus
400 1045 499 1075 quam
534 1037 575 1066 ad
613 1035 701 1066 bella
736 1042 843 1065 natusv
904 1033 1133 1073 Omnibusque
1161 1035 1373 1066 adversarum
1402 1035 1557 1075 partium,

152 1098 207 1139 qui
234 1107 270 1129 se
295 1098 453 1138 potestati
482 1098 618 1127 victoris
644 1097 874 1138 permiserant,
903 1094 1017 1126 Caesar
1043 1096 1180 1134 ignovit.

697 1203 759 1234 EX
787 1202 872 1234 LIB.
901 1202 1010 1237 CXII,

447 1263 525 1301 QUI
550 1263 638 1295 EST
665 1263 837 1296 CIVILIS
865 1263 1003 1295 BELLI
1034 1263 1268 1302 QUARTUS.

243 1338 439 1380 Trepidatio
476 1341 637 1371 victarum
679 1341 822 1381 partium
858 1342 890 1371 in
933 1343 1079 1371 diversas
1123 1341 1212 1372 orbis
1255 1347 1414 1371 terrarum
1448 1346 1558 1385 partes

150 1405 182 1431 et
219 1400 300 1440 fuga
337 1401 488 1432 refertur.
557 1401 617 1432 Cn.
659 1401 840 1442 Pompeius
882 1397 983 1442 quum
1032 1402 1218 1443 AEgyptum
1267 1402 1426 1443 petisset,
1464 1401 1559 1431 iussu

150 1461 322 1493 Ptolemaei
366 1464 473 1503 regis.
519 1463 635 1504 pupilli
683 1464 751 1493 sui.
801 1470 937 1494 auctore
978 1463 1156 1494 Theodoto
1198 1470 1418 1505 praeceptore,
1465 1463 1558 1492 cuius

150 1533 274 1563 magna
327 1525 415 1565 apud
470 1534 582 1564 regern
632 1526 814 1555 auctoritas
861 1532 949 1562 erat,
999 1533 1031 1555 ct
1065 1525 1212 1556 Pothino
1253 1526 1384 1556 occisus
1426 1529 1474 1554 est
1515 1523 1556 1553 ab

153 1585 304 1626 Achilla,
348 1588 399 1616 cui
439 1586 470 1616 id
513 1585 642 1617 fucinus
675 1593 744 1616 erat
781 1585 992 1625 delegatum,
1034 1587 1066 1617 in
1101 1587 1274 1622 navicula,
1311 1592 1490 1625 antequam
1523 1585 1557 1614 in

151 1654 270 1677 terram
311 1648 425 1678 exiret.
489 1646 645 1678 Cornelia
683 1657 767 1677 uxor
809 1654 840 1677 et
882 1646 959 1678 Sex.
984 1648 1167 1689 Pompeius
1205 1648 1291 1679 filius
1326 1646 1461 1688 Cypron
1506 1656 1556 1676 re—

149 1708 318 1748 fugerunt.
380 1708 491 1739 Caesar
529 1715 604 1749 post
637 1709 771 1739 tertium
809 1709 896 1738 diem
931 1709 1116 1745 insecutus,
1152 1720 1252 1750 quum
1297 1711 1325 1740 ei
1359 1709 1556 1740 Theodotus

150 1775 250 1811 caput
279 1770 433 1811 Pompeii
472 1777 505 1800 et
545 1770 680 1800 anulum
724 1770 917 1803 obtulisset.
964 1769 1111 1801 offensus
1152 1777 1202 1801 est
1246 1776 1279 1801 et
1322 1771 1554 1807 illacrimarit3

149 1843 203 1863 nec
245 1832 316 1863 sine
352 1832 502 1873 periculo
540 1831 784 1862 Alexandriam
826 1831 1082 1862 tumultuantem
1123 1832 1267 1862 intravit.
1333 1832 1444 1863 Caesar
1485 1833 1555 1863 ‹iic-

149 1899 238 1924 tator
277 1900 406 1924 creatus
441 1891 655 1933 Cleopatram
692 1893 724 1923 in
761 1902 898 1931 regnum
937 1893 1078 1932 AEgypti
1113 1894 1246 1924 reduxit
1287 1900 1319 1925 et
1355 1894 1554 1924 inferentem

148 1954 271 1984 bellum
301 1954 518 1985 Ptolemaeum
553 1953 670 1984 iisdem
704 1953 916 1984 auctoribus.
956 1955 1076 1994 quibus
1101 1954 1300 1995 Pompeium
1331 1955 1553 1987 interfecerat.

149 2025 223 2046 cum
250 2025 375 2055 magno
402 2025 463 2046 suo
490 2016 681 2046 discrimine
707 2015 797 2046 vicit.
839 2014 1041 2046 P‹01em21·us
1069 2017 1146 2046 dum
1174 2017 1270 2054 sugit,
1299 2018 1330 2047 in
1359 2017 1437 2047 Nilo
1462 2019 1554 2046 navi·

149 2076 226 2107 cula
251 2075 414 2108 subsedit.
464 2075 631 2106 Piaeterea
657 2076 862 2107 laboriosum
892 2076 939 2110 M.
966 2075 1106 2108 Catonis
1133 2079 1166 2108 in
1193 2078 1311 2109 Africa
1337 2089 1396 2119 per
1421 2080 1553 2110 deserta

149 2147 223 2168 cum
249 2137 440 2177 legionibus
467 2138 528 2168 iter
553 2144 584 2168 et
611 2137 736 2168 bellum
763 2148 782 2168 a
811 2137 870 2169 Cn.
890 2139 1039 2170 Domitio
1066 2141 1223 2172 adversus
1241 2140 1410 2171 Phraaten
1436 2150 1552 2181 parum

147 2209 306 2240 prospere
332 2205 462 2239 gestum
491 2199 652 2231 continet.

679 2290 743 2321 EX
770 2291 857 2322 LIB.
887 2291 1014 2330 CXIII,

451 2350 528 2389 QUx
554 2352 643 2383 EST
668 2352 808 2384 BELLl
834 2353 1006 2384 CIVILIS
1035 2352 1251 2390 QUINTUS.

243 2426 457 2460 Confirmatis
479 2430 511 2459 in
536 2428 653 2459 Africa
674 2429 888 2470 Pompeianis
907 2430 1068 2470 partibus,
1095 2430 1269 2470 imperinm
1293 2441 1407 2462 earum
1422 2431 1461 2463 P.
1478 2432 1551 2463 Sci-

146 2489 239 2530 pioni
256 2489 404 2520 delatum
421 2495 480 2524 est,
511 2488 649 2524 Catone.
677 2491 728 2520 cui
756 2500 798 2520 ex
823 2501 918 2531 :equo
944 2491 1158 2523 deserebatur
1181 2493 1370 2532 imperium.
1399 2494 1550 2524 cedente.

145 2549 191 2580 Et
224 2560 324 2590 quum
360 2552 401 2581 de
435 2551 598 2581 diruenda
632 2551 714 2581 urbe
747 2551 845 2582 Utica
876 2559 1012 2593 propter
1045 2552 1194 2584 savorem
1218 2555 1376 2594 *civitatis
1409 2554 1479 2584 eius
1516 2555 1551 2583 in

149 2609 317 2642 Caesarem
344 2612 598 2649 deliberaretur,
631 2612 730 2651 idque
757 2622 797 2643 ne
824 2614 928 2652 fieret,
964 2614 1010 2646 M.
1039 2612 1124 2645 Cato
1152 2616 1325 2646 tenuisset.
1361 2615 1445 2645 Iuba
1472 2625 1551 2645 sua-

147 2672 265 2710 dente,
305 2678 344 2702 ut,
378 2673 584 2710 dirueretur,
623 2673 729 2704 tutela
767 2675 836 2705 eius
878 2681 910 2705 ot
946 2677 1097 2706 custodia
1134 2678 1293 2707 mandata
1329 2682 1378 2706 est
1415 2675 1550 2708 Catoni.
