1753 2934
845 131 1046 171 Fragmenta

304 136 325 171 to

340 262 398 304 θ’)
424 263 593 304 Serpentis
619 271 751 303 quoque
777 261 853 294 aT.
868 262 964 294 Livio
991 262 1122 293 curiose
1147 262 1273 303 pariter
1298 271 1337 292 ac
1362 261 1506 293 facunde
1531 261 1647 293 relatae

245 326 302 357 fiat
339 325 475 356 mentio.
537 323 570 354 Is
608 324 695 354 enim
734 323 781 353 ait
818 324 849 354 in
880 323 1000 356 Africa
1037 324 1124 365 apud
1154 323 1346 363 Bagradam
1382 322 1507 353 flumen
1544 327 1646 354 tautae

247 385 484 426 magnitudinis
531 383 654 421 fuisse,
714 389 749 414 ut
791 384 887 416 Atilii
930 385 1050 425 Reguli
1090 385 1274 416 exercitum
1317 394 1378 415 nsu
1421 383 1530 415 amnis
1569 393 1646 425 pro-

245 447 392 485 hiberet3
431 446 610 485 multisque
636 445 795 476 militibus
827 446 954 487 ingenti
983 456 1040 478 ore
1066 446 1243 488 correptis,
1278 445 1506 486 compluribus
1531 445 1647 476 caudoe

245 508 471 539 voluminibus
497 507 598 545 elisis,
630 516 732 546 quum
759 507 899 538 telorum
925 508 1015 538 iactu
1040 507 1200 549 perforari
1227 508 1389 547 nequiret,
1424 506 1466 537 nd
1493 506 1648 538 ultimum

246 570 453 601 ballistarum
491 569 665 599 tormentis
702 568 850 607 undique
883 569 1020 608 petitam
1056 568 1186 599 silicum
1227 568 1350 600 crebris
1383 573 1416 598 et
1450 568 1646 608 ponderosis

245 631 437 663 verberibus
462 630 701 671 procubuisse,
738 628 958 668 omnibusque
993 635 1023 659 et
1062 629 1255 660 cohortibus
1291 635 1324 659 et
1358 629 1548 668 legionibus
1573 629 1647 670 ipsa

246 690 450 733 Carthagine
483 692 588 722 visam
623 691 875 728 terribiliorem3
917 696 1017 729 atque
1057 692 1156 721 etism
1199 699 1314 721 cruore
1356 700 1416 721 suo
1457 691 1647 730 gurgitibus

246 753 381 784 imbutis
419 753 632 794 corporisque
668 753 804 782 incentis
842 752 1000 793 pestifero
1042 751 1156 783 afflatu
1196 752 1304 782 vicina
1344 753 1481 792 regione
1518 752 1647 793 polluta

244 815 396 846 Romana
411 814 487 844 inde
503 814 723 845 summovisse
737 821 855 845 castra.
900 815 1035 850 Adiicit,
1056 814 1164 845 beluae
1184 813 1310 844 corium
1331 819 1464 843 centum
1483 819 1515 843 ct
1527 813 1646 852 viginti

245 876 369 917 pedum
394 876 429 906 in
455 875 569 907 urbem
596 875 747 906 missum.
808 874 878 906 Val.
908 875 1002 906 Mar.
1030 875 1057 913 Ι,
1087 879 1106 906 ὅ
1132 881 1189 906 ext.
1220 874 1270 905 19.

810 966 865 996 Ea·
891 965 940 996 lib.
971 965 1078 997 A'IA'.

339 1026 418 1068 lo*)
446 1028 552 1059 Tertii
577 1027 646 1058 ludi
674 1026 881 1067 (saeculares)
906 1027 1050 1064 fuerunt,
1088 1027 1228 1058 Antiate
1254 1026 1416 1066 Livioque
1441 1025 1645 1060 auctoribus.

242 1090 280 1121 P.
297 1090 439 1122 Claudio
454 1089 612 1126 Pulchro,
639 1089 677 1120 L.
694 1090 790 1120 Iunio
810 1089 908 1120 Pullo
924 1089 1129 1120 consulibus.
1182 1087 1338 1118 censorin.
1366 1085 1404 1117 de
1431 1085 1481 1118 die
1506 1092 1570 1118 nat.
1586 1085 1645 1118 17.

337 1149 417 1192 11⁴¹)
445 1153 507 1183 Est
531 1152 564 1181 in
591 1151 704 1191 Livio,
740 1152 847 1191 quod,
885 1161 985 1191 quum
1013 1152 1148 1191 quidam
1183 1150 1324 1191 cupidus
1356 1148 1433 1179 belli
1463 1148 1602 1188 gerendi
1626 1157 1647 1179 a

243 1214 377 1244 tribuno
402 1213 511 1254 plebis
537 1219 719 1252 arceretur,
746 1222 786 1242 ne
812 1212 884 1249 iret,
910 1213 1019 1253 pullos
1046 1212 1142 1243 iussit
1164 1211 1291 1248 afferri3
1317 1211 1373 1251 qui
1399 1219 1500 1250 quum
1526 1209 1646 1241 missas

243 1285 311 1306 non
337 1275 474 1305 ederent
498 1272 623 1313 fruges,
650 1273 790 1304 irridens
817 1274 934 1304 consul
962 1275 1137 1313 augurium
1164 1274 1228 1303 ait:
1258 1271 1509 1311 „Velbibant“,
1536 1277 1568 1301 et
1589 1280 1648 1302 eos

242 1339 275 1368 in
304 1337 450 1368 Tiberim
477 1335 706 1378 praecipitavit.
766 1334 850 1365 Inde
884 1335 1023 1365 navibus
1057 1335 1160 1365 victor
1195 1337 1241 1364 ex*
1267 1333 1381 1364 Asi-ica
1418 1339 1585 1362 revertens
1612 1332 1646 1362 in

242 1398 328 1429 mari
361 1407 434 1428 cum
470 1397 648 1434 omnibus,
689 1406 773 1436 quos
807 1395 970 1436 ducebat,
1003 1396 1187 1427 exstinctus
1213 1403 1272 1426 est.
1337 1392 1427 1425 Serv.
1453 1392 1500 1424 ad
1533 1391 1646 1435 Vz'ryil.

242 1458 321 1491 [En.
354 1457 410 1496 VJ,
438 1456 515 1488 1526.

704 1517 757 1549 Eat
783 1517 832 1550 lib.
859 1519 937 1549 inter
963 1518 1021 1550 A'I
1044 1525 1070 1549 cl
1097 1517 1184 1550 XX.

340 1579 394 1623 12)
429 1580 495 1611 Dic
529 1580 629 1610 mihi:
669 1590 771 1620 quum
807 1589 1034 1620 saepenumero
1067 1581 1100 1611 in
1126 1579 1288 1611 Romanis
1321 1578 1470 1609 historiis
1502 1577 1646 1617 legatur,

244 1643 340 1674 Livio
355 1647 504 1679 auctore,
533 1642 716 1682 saepissime
735 1642 767 1671 in
786 1641 847 1671 hac
867 1642 948 1672 urbe
967 1649 1082 1672 exorta
1104 1641 1297 1683 pestilentia
1321 1640 1449 1670 infinita
1472 1639 1646 1670 hominurn

244 1704 351 1735 millia
375 1703 569 1744 deperiisse,
601 1708 701 1743 atque
728 1712 767 1733 eo
793 1701 983 1744 frequenter
1008 1711 1162 1742 ventum,
1190 1709 1225 1733 ut
1250 1703 1306 1732 vix
1333 1708 1438 1739 esset,
1466 1701 1553 1731 unde
1578 1699 1646 1730 illis
1677 1731 1680 1734 ,

243 1765 414 1796 bellicosis
441 1764 650 1805 temporibus
675 1765 841 1795 exercitus
866 1766 1031 1806 potuisset
1056 1765 1212 1805 adscribi,
1239 1764 1296 1795 illo
1323 1771 1473 1805 tempore
1499 1763 1562 1794 deo
1590 1768 1647 1793 tuo

242 1825 429 1858 Februario
461 1826 597 1855 minime
623 1826 806 1856 litabatur?
843 1836 885 1856 ειη
912 1826 1013 1857 ctiam
1040 1827 1148 1856 cultus
1176 1827 1227 1856 hie
1254 1826 1391 1856 omnino
1417 1825 1500 1856 nihil
1526 1824 1648 1865 prode-

244 1889 315 1919 rat?
339 1888 404 1918 Illo
430 1895 580 1928 tempore
594 1887 791 1928 Lupercalia
817 1897 885 1918 non
911 1887 1189 1918 celebrabantur?
1215 1887 1285 1918 Nec
1313 1888 1399 1918 enim
1425 1886 1575 1917 dicturus
1601 1895 1646 1922 es,

242 1949 313 1980 haec
337 1959 433 1980 sacra
465 1948 575 1979 adhuc
608 1948 665 1979 illo
699 1956 849 1989 tempore
883 1959 949 1980 non
980 1949 1140 1990 coepisse,
1178 1957 1251 1988 quae
1285 1955 1360 1979 ante
1389 1948 1571 1980 Romulum
1605 1947 1646 1978 ab

241 2010 402 2041 Euandro
427 2010 460 2040 in
487 2009 620 2040 Italiam
649 2010 867 2050 perhibentur
892 2011 994 2042 illata.
1043 2010 1244 2051 Lupercalia
1270 2016 1381 2040 autern
1405 2017 1540 2049 propter
1567 2007 1647 2047 quid

241 2072 392 2103 instituta
418 2072 502 2109 sint,
541 2077 702 2110 quantum
739 2073 780 2102 ad
823 2072 926 2112 ipsius
953 2071 1202 2112 superstitionis
1229 2076 1420 2103 commenta
1446 2074 1646 2110 respectant,

242 2134 356 2165 Livius
389 2134 536 2164 secunda
569 2133 695 2163 decade
728 2133 891 2172 loquitur3
930 2143 989 2163 nec
1027 2138 1162 2173 propter
1193 2133 1327 2164 morbos
1362 2132 1564 2163 inhibendos
1597 2131 1647 2162 in·

243 2195 358 2226 stituta
384 2202 636 2235 commemorat,
671 2195 728 2224 sed
750 2201 884 2235 propter
910 2195 1132 2231 sterilitatem,
1166 2201 1202 2224 ut
1227 2194 1256 2225 ci
1282 2194 1422 2230 videtur,
1457 2194 1646 2231 mulierum,

243 2266 315 2297 quae
349 2263 427 2287 tunc
462 2257 647 2293 acciderat,
685 2255 936 2286 exsolvendam.
993 2255 1047 2286 Ex
1085 2255 1207 2288 Gelasii
1236 2255 1339 2296 Papae
1374 2257 1459 2296 epist.
1495 2253 1647 2286 adversus

241 2317 497 2349 Andromachum
523 2318 554 2349 in
579 2317 722 2349 Baronz'i
744 2316 852 2348 annal.
879 2316 983 2348 eccles.
1011 2316 1057 2347 ad
1081 2329 1112 2348 a.
1139 2317 1210 2348 496
1237 2328 1316 2347 num.
1343 2317 1401 2348 35.

791 2408 845 2440 Ex
871 2408 918 2440 lab.
953 2408 1094 2440 XLIX.

339 2469 415 2512 13⁴³)
443 2472 493 2501 De
513 2478 705 2512 quartorum
733 2471 885 2500 ludorum
913 2469 1155 2510 (saecularium)
1183 2479 1271 2500 anno
1297 2469 1421 2510 triplex
1446 2468 1558 2509 opinio
1585 2472 1646 2498 est.

246 2532 366 2563 Antias
403 2533 491 2563 enim
527 2539 559 2564 et
589 2533 699 2563 Varro
737 2538 770 2563 et
791 2531 907 2562 Livius
944 2531 1068 2562 relatos
1102 2541 1174 2562 esse
1206 2531 1424 2572 prodiderunt
1448 2529 1486 2560 L.
1516 2528 1646 2560 Marcio

246 2592 441 2631 Censorium
477 2595 534 2624 Μ’.
561 2594 703 2625 Manilio
731 2593 938 2630 consulibus,
971 2600 1048 2634 post
1073 2593 1216 2625 Romam
1252 2592 1422 2623 conditam
1458 2601 1546 2622 anno
1573 2600 1648 2622 sex-

244 2656 426 2687 centesimo
452 2655 577 2696 quinto.
632 2654 789 2686 Censorin.
816 2654 854 2685 de
879 2654 929 2686 ‹iie
954 2661 1017 2686 viat.
1047 2655 1103 2686 17.
