1796 2929
503 128 606 159 Liber
631 127 757 160 XLIV.
809 129 871 164 (A.
902 128 980 159 Chr.
1012 129 1105 168 168.)
1379 133 1450 167 179

98 250 307 287 Almanam
339 251 469 287 urbem
494 251 667 299 pervenit
693 257 730 287 et
762 251 798 286 in
826 251 910 299 ripa
930 251 1095 287 fluminis
1117 251 1196 288 Axi
1218 251 1346 300 posuit
1368 257 1506 290 castra.

99 319 213 357 Circa
243 320 492 357 Desudabam
532 323 569 358 in
601 321 764 357 Maediea
809 321 997 356 exercitus
1028 320 1230 357 Gallorum
1273 321 1508 363 consederat,

98 390 310 426 mercedem
341 395 495 438 pactam
525 391 741 440 opperiens,
811 389 870 425 Eo
913 390 1025 425 mittit
1056 390 1308 438 Antigonum.
1339 403 1387 427 ex
1417 404 1508 439 pur-

97 460 244 508 puratis
274 471 402 503 unum,
433 461 496 508 qui
528 461 672 496 iuberet
704 459 985 496 multitudinem
1002 459 1205 497 Gallorum
1237 461 1286 497 ad
1315 461 1510 510 Bylazora

98 528 281 577 (Paeoniae
311 528 341 564 is
371 528 479 565 locus
510 530 584 575 est)
630 536 758 566 castra
788 542 964 572 movere,
1010 530 1200 578 principes
1232 531 1280 566 ad
1311 543 1351 567 se
1380 532 1510 567 venire

97 597 328 645 frequentes.
389 599 549 635 LXXV
589 599 693 635 milia
730 600 779 635 ab
820 600 924 636 Axio
965 600 1120 635 flumine
1158 606 1195 634 et
1235 599 1370 635 castris
1410 600 1510 647 regis

98 667 269 706 aberant.
338 669 433 705 Haec
472 667 655 703 mandata
699 669 747 704 ad
788 681 853 705 eos
898 681 981 705 cum
1023 668 1240 717 pertulisset
1276 668 1509 716 Antigonus,

98 737 396 786 adiecissetque,
436 750 505 786 per
543 743 725 785 quantam
766 738 934 775 omnium
978 745 1234 787 praeparatam
1274 749 1366 774 cura
1409 738 1509 785 regis

97 806 247 854 copiam
277 807 365 843 ituri
390 807 529 851 forent,
561 807 773 855 quibusque
796 807 1015 844 muneribus
1041 808 1231 856 principes
1265 807 1510 844 advenientes

97 876 226 920 vestis,
259 876 405 925 argenti
436 888 699 924 equorumque
724 885 952 926 excepturus
974 890 1042 913 rex
1065 884 1175 914 esset.
1206 878 1252 913 de
1274 877 1333 913 his
1357 877 1508 924 quidem

97 957 138 983 se
168 958 297 982 coram
329 947 550 995 cognituros
580 947 828 996 1·espondent;
873 946 987 990 illud,
1019 947 1120 993 quod
1148 958 1314 994 praesens
1344 946 1510 995 pepigis—

96 1023 192 1061 sent,
222 1016 472 1065 interrogant,
503 1016 639 1064 ecquid
669 1029 816 1061 aurum„
848 1016 952 1064 quod
981 1015 1019 1051 in
1038 1015 1208 1064 singulos
1229 1016 1374 1064 pedites
1405 1016 1510 1063 equi-

96 1092 230 1134 tesque
263 1087 507 1123 dividendum
538 1093 649 1131 essen
679 1097 806 1122 secum
838 1084 1085 1122 advexisset?
1144 1084 1241 1122 Cum
1273 1086 1323 1121 ad
1353 1085 1390 1120 id
1417 1085 1509 1121 nihil

97 1156 404 1204 responderetur,
422 1155 640 1199 Clondicus,
656 1155 809 1204 regulus
833 1167 977 1199 eorum,
1005 1155 1112 1191 abire
1135 1155 1386 1203 nuntiareque
1402 1154 1511 1190 iussit

96 1226 189 1274 regi,
219 1226 291 1262 nisi
321 1239 456 1262 aurum
489 1226 718 1274 obsidesque
753 1226 1000 1273 accepissent,
1033 1236 1221 1272 nusquam
1253 1225 1340 1261 inde
1372 1224 1508 1261 Gallos

96 1296 246 1344 longius
276 1296 477 1344 vestigium
509 1302 691 1331 moturos,
750 1295 845 1331 Haec
873 1294 996 1330 relata
1025 1294 1107 1342 regi
1137 1307 1221 1330 cum
1254 1301 1397 1334 essent,
1439 1294 1508 1330 ad-

97 1372 236 1402 vocato
268 1365 450 1409 consilio,
487 1377 593 1410 cum,
631 1365 722 1412 quid
753 1376 884 1400 omnes
922 1364 1072 1400 suasuri
1102 1369 1249 1405 essent,
1292 1371 1509 1411 appareret,

95 1435 190 1483 ipse,
221 1436 390 1484 pecuniae
421 1447 535 1482 quam
567 1434 676 1482 regni
705 1434 840 1470 melior
871 1442 1010 1475 custos,
1041 1434 1175 1470 institit
1206 1434 1252 1470 de
1282 1433 1443 1482 perfidia
1473 1440 1509 1469 et

94 1503 247 1541 feritate
278 1505 480 1542 Gallorum
513 1504 716 1544 disserere,
749 1503 952 1539 multorum
992 1504 1069 1539 iam
1109 1509 1196 1539 ante
1228 1502 1401 1539 cladibus
1441 1515 1507 1539 ex-

95 1580 222 1621 perta;
262 1574 517 1622 periculosum
558 1586 641 1610 esse
680 1580 826 1610 tantam
859 1573 1135 1610 multitudinem
1169 1573 1208 1608 in
1237 1572 1506 1608 Macedoniam

96 1642 282 1690 accipere,
312 1656 355 1679 ne
384 1644 582 1692 graviores
614 1657 679 1680 eos
709 1644 835 1680 socios
860 1644 1040 1687 habeant,
1074 1655 1188 1691 quam
1213 1643 1343 1678 hostes
1364 1643 1508 1678 Roma-

93 1723 176 1747 nos.
252 1712 430 1761 Quinque
474 1713 581 1750 milia
624 1715 792 1762 equitum
838 1714 931 1750 satis
974 1725 1075 1757 esse,
1121 1713 1259 1761 quibus
1300 1718 1335 1747 et
1373 1712 1427 1748 uti
1460 1712 1508 1748 ad

94 1781 232 1818 bellum
263 1783 410 1831 possint
449 1790 487 1820 et
533 1787 696 1832 q'uorum
727 1783 1004 1821 multitudinem
1036 1784 1110 1832 ipsi
1139 1795 1216 1819 non
1247 1783 1417 1818 timeant.

218 1853 446 1900 Apparebat
491 1855 685 1899 omnibus,
741 1855 953 1891 mercedem
997 1855 1032 1889 in
1085 1852 1323 1888 multitudine
1375 1852 1507 1887 timere

93 1998 124 2036 7,
152 2003 170 2030 3
197 1999 232 2029 in
257 1999 391 2030 modica
459 2002 478 2029 4
502 1998 691 2028 mercedem
719 2004 816 2038 capta
885 1998 919 2035 8,
962 2001 973 2027 1
1004 1997 1222 2027 auticuannm
1273 2000 1291 2026 2
1319 1996 1360 2026 ab
1411 1999 1430 2026 3
1456 1995 1507 2026 his

90 2068 206 2099 locum
228 2073 278 2099 est
336 2068 368 2105 9,
396 2070 415 2097 2
441 2076 502 2108 per
527 2076 625 2108 quem
655 2071 817 2106 quantam
845 2084 884 2089 —
914 2066 1046 2107 copiam
1072 2066 1169 2096 intuli
1197 2065 1307 2096 forent
1334 2064 1405 2105 My.
1431 2063 1505 2095 Em.

92 2124 166 2157 578
193 2124 308 2168 (Gryn.
335 2135 397 2166 per
421 2125 511 2156 viam
537 2131 663 2165 quanta
687 2125 836 2156 omnium
860 2130 1047 2164 praeparata
1074 2133 1155 2154 cura
1182 2124 1269 2162 regis
1296 2123 1394 2163 copia
1421 2121 1506 2152 mul-

92 2183 227 2214 titudini
261 2182 362 2223 foret)
413 2187 433 2214 4
458 2182 702 2222 uestigargenti
752 2181 806 2219 10,
827 2185 846 2211 2
866 2182 980 2222 etquid
1029 2185 1048 2212 3
1076 2180 1273 2211 adduxisset
1303 2179 1400 2211 Gron.
1451 2179 1506 2211 11.

93 2244 112 2272 2
141 2249 181 2271 ’c'
207 2241 362 2272 londicus
385 2240 389 2279 Ι
412 2241 625 2271 abirenuntia
652 2249 734 2279 ergo
759 2239 876 2280 inquid
904 2239 973 2278 regi
1002 2237 1073 2279 My.
1091 2237 1163 2268 Em.
1180 2236 1254 2268 578
1279 2236 1398 2278 (ζὴ-μη.
1424 2236 1505 2273 Abi,

90 2299 247 2330 renuntia
261 2308 351 2338 ergo,
366 2299 485 2339 inquit,
500 2299 589 2338 regi)
640 2296 693 2334 12,
715 2300 728 2327 l
755 2296 911 2327 aduocati
962 2300 980 2326 2
1003 2296 1082 2335 quin
1105 2305 1219 2325 omnes
1244 2295 1396 2326 suasam-i
1420 2299 1507 2324 esset

89 2356 145 2393 13,
160 2360 172 2386 1
192 2355 290 2398 Gryn.
307 2357 480 2387 disserere.
498 2356 685 2386 Multorum
697 2371 739 2376 —
754 2360 926 2394 expertum
966 2357 984 2383 2
996 2353 1222 2394 periculosum
1239 2357 1290 2382 est
1324 2355 1343 2382 3
1355 2352 1506 2391 accipere

92 2415 267 2454 grauiores
316 2413 401 2450 14,l
423 2414 537 2454 quinq.
562 2414 566 2452 1
590 2413 711 2443 satisse
729 2411 850 2452 quibus
866 2410 997 2452 Kreyss.
1019 2409 1139 2451 (Gr-yn.
1169 2416 1221 2441 sat
1247 2409 1334 2448 esse)
1385 2413 1403 2438 2
1429 2418 1507 2448 pos-

92 2477 165 2504 sent
191 2470 318 2514 ›Siesb-zse
365 2471 513 2502 XXVII.
540 2470 571 2503 s.
610 2474 623 2500 l
667 2470 851 2510 apparebat
883 2470 917 2499 in
954 2469 1109 2499 omnibus
1142 2465 1338 2498 Florebellus
1382 2464 1504 2505 (Βῆ-αἷς.

95 2530 181 2570 App.
207 2529 285 2560 inde
311 2528 420 2565 omn.)
481 2528 668 2559 mercedem
696 2526 946 2557 multitudinem
974 2525 1044 2567 My.
1066 2524 1236 2556 Em.578.
1271 2522 1391 2565 (Gr-yn.
1418 2533 1506 2553 mer—

92 2587 207 2618 cedem
236 2585 474 2624 multitudinis)
501 2584 592 2617 Fore.
622 2590 777 2626 proeterea
805 2582 999 2614 scribendum
1033 2588 1089 2614 aut
1118 2583 1153 2613 in
1185 2581 1402 2613 multitudine
1429 2589 1504 2610 eum

92 2644 208 2675 timere
235 2649 292 2675 aut
315 2644 348 2674 in
374 2643 587 2674 multitudine
613 2643 732 2673 timeri.

1244 2697 1307 2730 12*

1541 393 1562 426 S

1541 667 1562 701 9

1547 947 1591 980 10

1547 1086 1584 1119 11

1545 1294 1589 1329 12

1545 1505 1588 1539 13

1546 1710 1590 1744 14
