1753 2934
279 132 300 166 5
307 131 328 166 2
837 127 1009 159 Periochae

221 261 380 295 Romani,
416 259 645 290 vastavissent.
697 256 736 288 C.
765 256 956 292 Gracchus,
997 257 1154 288 seditioso
1188 258 1359 288 tribunatu
1394 265 1488 299 acto,
1527 268 1629 298 quum

221 321 428 353 Aventinum
455 329 588 360 quoque
620 325 749 350 armata
780 318 997 349 multitudine
1025 326 1239 359 occupasset,
1276 329 1295 348 a
1322 319 1359 350 L.
1387 318 1521 360 Opimio
1548 330 1629 358 cos„

221 394 263 414 ex
289 381 355 414 SC.
382 386 501 412 vocato
539 380 581 411 ad
626 389 720 410 arma
755 379 898 420 populo,
940 379 1056 419 pulsus
1095 388 1127 411 et
1160 380 1290 411 occisus
1318 385 1385 412 est.
1426 387 1459 411 et
1484 391 1558 412 cum
1590 391 1629 413 eo

219 444 359 475 Fulvius
377 443 523 474 Flaccus
551 440 746 477 consularis,
773 441 884 471 socius
911 441 1057 472 eiusdem
1078 441 1210 473 suroris.
1261 440 1302 479 Q.
1319 440 1443 473 Fabius
1458 442 1631 474 Maximus

221 515 301 542 cos.=
327 504 425 535 Pauli
451 512 569 544 nepos,
596 502 756 532 adversus
783 502 991 542 Allobrogas
1017 509 1050 533 ct
1069 503 1234 533 Bituitum
1259 503 1490 534 Arvernorum
1517 512 1629 543 regem

219 566 361 598 feliciter
391 564 570 606 pugnavit3
607 572 649 593 ex
676 562 793 593 Bituiti
826 564 973 595 exercitu
1005 564 1119 595 occisa
1144 563 1249 594 millia
1275 562 1390 600 CXX;
1424 565 1494 605 ipse
1527 574 1628 605 quum

219 629 262 659 ad
288 626 566 659 satisfaciendum
597 625 728 655 senatui
754 624 900 655 Romam
926 624 1096 665 profectus
1117 632 1213 656 essct.
1242 625 1368 656 Albani
1389 627 1629 658 custodiendus

218 690 316 720 datus
355 693 416 725 est,
457 687 535 727 quia
569 692 688 717 contra
723 695 841 725 pacem
868 685 1052 723 videbatur,
1082 692 1117 716 ut
1152 687 1184 716 in
1215 686 1359 717 Galliam
1393 688 1627 720 remitteretur.

217 751 399 782 Decretum
439 758 571 789 quoque
605 755 672 784 est,
716 754 753 776 ut
791 745 1090 786 Congonnetiacus
1132 747 1218 778 filius
1258 748 1328 778 eius
1369 749 1630 789 comprehensus

217 814 359 844 Romam
398 811 596 842 mitteretur.
659 808 862 848 Allobroges
898 809 933 839 in
970 808 1174 839 deditionem
1208 811 1340 850 recepti.
1401 810 1438 841 L.
1476 809 1630 852 Opimius

219 881 399 906 accusatus
431 872 520 913 apud
557 870 719 912 populum
755 880 775 900 a
809 869 847 907 Q.
875 870 983 901 Decio
1018 870 1092 901 trib.
1128 870 1255 911 plebis,
1294 872 1383 912 quod
1417 872 1630 904 indemnatos

219 937 311 968 cives
337 936 371 966 in
399 944 566 966 carcerem
593 933 800 969 coniecisset,
831 932 1005 962 absolutus
1031 938 1090 963 est.

766 1039 828 1070 EX
857 1038 944 1070 LIB.
972 1038 1081 1070 LXII.

311 1119 351 1157 Q.
380 1118 528 1148 Marcius
559 1126 627 1147 cos.
657 1116 799 1156 Stynos,
837 1123 971 1156 gentem
998 1115 1180 1156 Alpinam,
1217 1117 1431 1157 expugnavit.
1486 1116 1632 1158 Micipsa

216 1181 385 1213 Numidiae
399 1188 458 1210 rex
473 1184 622 1209 mortuus
641 1186 783 1217 regnum
806 1176 912 1207 tribus
927 1176 1002 1208 filiis
1028 1177 1173 1217 reliquit,
1204 1178 1400 1217 Adherbali,
1429 1178 1629 1220 Hiempsali,

215 1242 409 1284 Iugurthae,
446 1239 557 1271 fratris
582 1239 668 1276 filio,
710 1248 807 1279 quem
835 1240 1064 1279 adoptaverat.
1115 1240 1153 1270 L.
1183 1238 1337 1272 Caecilius
1364 1239 1520 1272 Metellus
1546 1239 1629 1271 Dal-

216 1311 326 1336 matas
352 1302 496 1342 subegit.
547 1300 714 1340 Iugurtha
739 1299 968 1341 Hiempsalem
995 1300 1130 1331 fratrem
1165 1301 1258 1342 petiit
1294 1302 1405 1340 bello,
1441 1303 1496 1342 qui
1522 1304 1630 1333 victus

217 1366 402 1402 occiditur;
427 1362 658 1394 Adherbalem
686 1370 789 1401 regno
807 1362 952 1403 expulit3
979 1362 1006 1393 is
1025 1372 1043 1392 a
1063 1370 1183 1393 senatu
1198 1363 1371 1394 restitutus
1388 1368 1449 1394 est.
1500 1363 1539 1394 L.
1556 1361 1630 1394 Cae·

217 1428 314 1458 cilius
339 1425 519 1462 Metellus,
560 1422 621 1455 Cn.
649 1423 822 1454 Domitius
852 1424 1099 1455 Ahenobarbus
1135 1433 1289 1455 censores
1321 1425 1404 1456 duos
1433 1431 1466 1455 et
1491 1425 1630 1464 triginta

215 1495 333 1521 senatu
360 1492 547 1519 moverunt.
598 1485 765 1516 Praeterea
791 1491 902 1516 motus
930 1485 1035 1526 Syriae
1061 1494 1244 1526 regumque
1271 1486 1432 1518 continet.

751 1591 815 1622 EX
842 1591 930 1622 LIB.
958 1591 1086 1623 LXIII.

308 1670 345 1703 C.
375 1670 517 1702 Porcius
552 1679 619 1700 cos.
656 1669 690 1698 in
715 1668 863 1698 Thracia
900 1668 988 1699 male
1027 1669 1188 1700 adversus
1223 1669 1418 1702 Scordiscos
1453 1668 1627 1709 pugnavit.

213 1733 375 1764 Lustrum
395 1743 415 1763 a
433 1731 628 1762 censoribus
647 1730 819 1761 conditum
841 1737 908 1768 est3
939 1740 1040 1761 censa
1061 1738 1137 1762 sunt
1153 1732 1277 1762 civium
1294 1732 1404 1772 capita
1420 1721 1628 1764 &CXCIV

219 1793 478 1826 CCCXXXVI.
529 1792 683 1829 sEmiliu„
711 1791 852 1832 Licjnia,
881 1791 1012 1822 Marcia
1040 1793 1190 1832 virgines
1203 1793 1362 1824 Vestales
1389 1794 1508 1824 incesti
1536 1794 1628 1824 dam-

214 1862 301 1887 natae
327 1863 423 1892 sunt,
454 1855 553 1895 idque
584 1855 748 1885 incestum
775 1854 1059 1894 quemadmodum
1086 1860 1117 1884 et
1143 1835 1360 1887 commissum
1387 1859 1418 1885 et
1444 1847 1629 1896 deprehen—

215 1928 286 1949 sum
314 1923 346 1948 et
372 1917 579 1948 vindicatum
607 1916 669 1953 sit,
704 1914 857 1946 refertur.
911 1914 1054 1953 Cimbri,
1093 1926 1176 1956 gens
1202 1926 1307 1956 vaga,
1339 1917 1568 1958 populabundi
1595 1917 1630 1948 iu

213 1979 386 2019 Illyricum
420 1984 597 2016 venerunt3
641 1979 682 2007 ab
721 1977 773 2008 his
805 1976 962 2017 Papirius
999 1976 1109 2008 Carbo
1149 1988 1215 2010 eos.
1250 1988 1325 2009 cum
1357 1979 1505 2009 exercitu
1531 1978 1628 2010 fusus

214 2047 276 2072 est.
327 2040 444 2071 Livius
471 2041 603 2071 Drusus
629 2049 697 2070 cos.
729 2039 890 2069 adversus
919 2037 1136 2077 Scordiscos,
1175 2049 1308 2079 gentem
1335 2050 1355 2071 a
1381 2040 1489 2072 Gallis
1515 2041 1628 2072 oriun—

214 2103 305 2139 dam,
333 2103 367 2133 in
393 2102 542 2133 Thracia
566 2101 708 2132 feliciter
732 2100 908 2140 pugnavit.

752 2207 815 2238 EX
844 2208 930 2239 LIB.
959 2207 1084 2239 LXIV.

308 2285 486 2316 Adherbal
512 2284 603 2315 bello
629 2285 752 2325 petitus
786 2284 828 2315 ab
856 2284 1022 2325 Iugurtha
1054 2290 1086 2315 et
1118 2284 1153 2314 in
1188 2284 1310 2324 oppido
1340 2283 1432 2315 Cirta
1470 2284 1628 2316 obsessus

215 2352 333 2377 contra
360 2347 648 2377 denuntiationem
688 2351 822 2377 senatus
858 2345 899 2375 ab
934 2356 973 2377 eo
1007 2346 1138 2377 occisus
1170 2351 1237 2383 est,
1277 2352 1308 2375 et
1341 2346 1383 2376 ob
1409 2346 1473 2376 hoc
1500 2345 1628 2377 bellum

214 2408 385 2448 Iugurthae
411 2409 592 2445 indictum,
625 2408 727 2449 idque
756 2407 957 2448 Calpurnius
985 2408 1102 2439 Bestia
1129 2417 1195 2438 eos.
1224 2416 1340 2447 gerere
1371 2407 1481 2438 iussus
1509 2415 1626 2447 pacem

215 2479 289 2500 cum
317 2469 485 2509 Iugurtha
520 2469 647 2500 iniussu
680 2468 793 2510 populi
829 2474 862 2499 et
895 2474 1031 2500 senatus
1067 2468 1157 2500 fecit..
1210 2467 1376 2508 Iugurtha
1400 2468 1465 2498 fide
1491 2467 1628 2509 publica

215 2537 374 2562 evocatus
400 2532 442 2561 ad
469 2531 669 2562 indicandos
694 2536 848 2561 auctores
874 2531 1090 2561 consiliorum
1117 2540 1267 2566 suorum,
1303 2529 1391 2570 quod
1420 2528 1544 2559 multos
1568 2537 1628 2568 pe-

216 2593 316 2624 cunia
341 2593 375 2623 in
401 2598 519 2624 senatu
546 2593 732 2633 corrupisse
758 2592 953 2629 dicebatur,
980 2592 1124 2623 Romam
1152 2593 1253 2629 venit,
1280 2598 1313 2622 et
1337 2594 1474 2631 propter
1500 2591 1627 2621 caedem

215 2654 397 2686 admissam
431 2654 465 2685 in
497 2654 654 2695 regulum
680 2655 850 2695 quendam
882 2654 1017 2685 nomine
1047 2654 1249 2692 Massivam,
1292 2654 1347 2695 qui
1388 2662 1526 2692 regnum
1557 2653 1628 2683 eius
