1753 2934
475 145 576 176 Liber
601 145 708 177 XLV.
760 147 820 181 (Λ.
849 145 928 177 Chr.
962 147 1054 183 167.)
1352 149 1429 184 243

76 266 308 315 principibus
334 267 412 302 suis
442 267 606 312 vicisset,
639 267 759 314 „Quae
789 280 858 303 vos
889 268 1039 304 rabies“
1072 267 1193 315 inquit
1227 267 1392 315 „agitat,
1424 268 1488 315 qui

78 336 239 372 duorum
272 337 466 372 hominum
498 349 609 373 noxae
639 338 830 374 civitatem
863 338 1119 374 accessionem
1152 336 1304 373 facitis?
1368 338 1488 384 Equi-

78 405 186 449 dem,
233 418 301 453 pro
334 406 461 453 patria
492 408 554 454 qui
597 408 710 444 letum
741 407 1000 455 oppetissent.
1046 419 1146 454 saepe
1184 407 1301 442 fando
1340 407 1488 449 audivi;

79 477 142 523 qui
172 475 335 523 patriam
369 487 438 522 pro
469 487 508 511 se
539 476 662 523 perire
701 489 820 512 aecum
861 484 1079 519 censerent,
1124 476 1160 511 hi
1199 477 1309 524 primi
1347 476 1489 511 inventi

77 551 176 581 sunt.
264 544 364 590 Quin
396 545 587 593 aperimus
630 553 762 594 portas
806 552 842 581 et
880 545 1079 593 imperium
1111 545 1341 593 accipimus,
1387 545 1490 593 quod

79 614 182 650 orbis
220 621 406 650 terrarum
440 615 640 663 accepit?“
706 616 801 651 Haec
841 615 1025 651 dicentem
1069 626 1153 650 cum
1191 615 1392 651 multitudo
1431 628 1488 651 se-

79 691 278 732 queretur,
328 684 520 720 Antinous
564 692 598 720 et
629 685 855 721 Theodotus
895 685 931 720 in
974 684 1136 732 primam
1179 685 1380 720 stationem
1422 687 1490 721 ho-

79 754 189 789 stium
220 754 444 801 inruperunt
479 755 604 802 adque
626 755 690 795 ibi,
722 754 924 791 offerentes
955 766 996 789 se
1023 754 1093 802 ipsi
1115 753 1345 798 volneribus,
1377 756 1490 792 iuter-

79 822 181 867 fecti,
214 823 304 858 urbs
335 823 464 858 dedita.
495 831 551 859 est
585 825 784 863 Romanis.
852 824 975 861 Simili
1015 824 1227 872 pertinacia
1259 823 1490 872 Cephalonis

80 893 260 941 principis
291 893 461 930 clausum
500 893 757 938 Tecmonem,
788 894 871 942 ipso
902 893 1125 937 interfecto,
1163 906 1232 942 per
1261 894 1490 930 deditionem

79 962 233 1010 recepit.
319 963 403 999 Nec
434 962 603 1011 Phylace
634 976 701 999 nec
732 964 926 1000 Horreum
959 964 1282 1012 oppugnationem
1314 963 1492 999 tulerunt.

80 1033 228 1068 Pacata
261 1031 380 1080 Epiro
412 1032 620 1080 divisisque
652 1033 689 1068 in
721 1034 882 1069 hiberna
913 1034 1033 1081 copiis
1064 1047 1132 1082 per
1162 1040 1399 1081 opportunas
1431 1046 1492 1069 ur-

79 1102 169 1145 bes,
209 1113 404 1149 regressus
434 1102 516 1150 ipse
545 1103 582 1139 in
614 1102 831 1150 Illyricum,
863 1102 1039 1147 Scodrae,
1070 1116 1145 1151 quo
1180 1103 1347 1150 quinque
1376 1101 1492 1150 legati

80 1171 128 1206 ab
167 1172 293 1207 Roma
339 1178 543 1216 venerant,
585 1172 755 1208 evocatis
795 1185 842 1208 ex
884 1179 965 1208 tota
1005 1174 1205 1221 provini-ia
1244 1173 1492 1222 principibus,

80 1246 306 1276 conventum
339 1240 485 1277 habuit.
535 1242 594 1278 Ibi
625 1255 695 1290 pro
726 1242 907 1278 tribunali
938 1243 1199 1291 pronuntiavit
1230 1244 1276 1279 de
1303 1242 1491 1278 sententia

80 1310 244 1346 consilii:
286 1309 467 1347 Senatum
510 1312 771 1359 populumque
801 1313 1019 1348 Romanum
1055 1313 1206 1361 Illyrios
1240 1325 1322 1349 esse
1352 1313 1493 1348 liberos

81 1380 229 1423 iu'bere3
260 1381 436 1428 praesidia
467 1394 515 1417 ex
545 1382 720 1417 omnibus
752 1381 923 1430 oppidis,
967 1383 1118 1418 arcibus
1149 1389 1185 1418 et
1215 1383 1380 1419 castellis
1411 1394 1494 1418 sese

81 1449 341 1486 deducturum.
406 1449 496 1485 Non
525 1449 647 1486 solum
682 1451 845 1493 liberos,
876 1452 942 1487 sed
973 1452 1087 1488 etiam
1118 1452 1291 1488 inmunes
1322 1452 1405 1488 fore
1433 1453 1491 1488 Is-

79 1531 207 1555 senses
238 1525 274 1555 et
295 1518 536 1564 Taulantios,
563 1520 876 1557 Dassaretiorum
898 1522 1087 1566 Pirustas,
1121 1522 1358 1560 Rhizonitas.
1390 1521 1493 1558 Olci-

79 1588 216 1632 niatas,
241 1589 343 1636 quod
368 1589 546 1625 incolumi
567 1591 708 1627 Gentio
733 1591 781 1626 ad
803 1592 1001 1627 Romanos
1023 1589 1260 1626 defecissent.
1306 1591 1492 1626 Daorseis

80 1671 233 1706 quoque
266 1659 540 1695 immunitatem
573 1659 669 1703 (lari,
700 1659 815 1706 quod,
845 1659 976 1695 relicto
998 1659 1246 1706 Caravantio,
1268 1673 1351 1697 cum
1376 1661 1493 1697 armis

80 1729 128 1764 ad
145 1729 342 1764 Romanos
365 1729 601 1765 transissent.
651 1729 929 1766 Scodrensibus
947 1736 983 1765 et
999 1730 1305 1766 Dassarensibus
1336 1737 1372 1766 et
1388 1730 1492 1767 Sele-

79 1798 220 1846 pitanis
265 1799 475 1846 ceterisque
523 1799 663 1848 Illyriis
709 1799 875 1847 vectigal
914 1800 1111 1835 dimidium
1153 1800 1233 1835 eius
1277 1801 1492 1848 impositum,

81 1868 182 1915 quod
212 1868 293 1915 regi
323 1869 604 1917 pependissent.
668 1869 765 1906 Inde
793 1869 830 1904 in
861 1875 938 1904 tres
968 1875 1097 1916 patres
1127 1868 1321 1917 Illyricum
1353 1869 1491 1906 divisit.

81 2085 99 2112 2
127 2082 267 2113 uicisset
294 2091 378 2121 quos
403 2080 515 2111 rabies
541 2080 656 2120 inquid
719 2082 738 2109 3
765 2080 920 2110 ciuitates
942 2079 947 2117 Ι
970 2078 1067 2111 factis
1119 2079 1151 2116 8,
1189 2082 1207 2109 2
1235 2079 1353 2110 laecum
1381 2081 1493 2121 obpae-

81 2140 200 2170 tissent
222 2137 226 2178 Ι
249 2139 362 2169 audiui
389 2138 530 2178 patriam
582 2141 601 2168 3
627 2137 674 2168 hii
726 2141 745 2167 4
772 2137 964 2177 accepimus
1014 2137 1046 2173 9,
1073 2140 1092 2167 3
1118 2142 1280 2177 ruperunt
1335 2142 1355 2167 4
1381 2148 1492 2169 roma-

81 2196 219 2228 nisimili
269 2196 324 2233 10,
345 2199 356 2226 l
378 2195 551 2235 cepalonis
580 2195 752 2235 principiis
768 2194 885 2231 (Gron.
905 2193 1059 2235 Cephali.
1083 2193 1328 2235 Sedpotuerunt
1352 2201 1494 2236 coynatoe

81 2254 236 2285 nominum
251 2255 373 2295 sormae
397 2253 438 2284 ab
464 2252 531 2293 ipso
547 2252 644 2283 Livio
654 2252 858 2293 permutari.)
885 2256 902 2282 2
919 2258 1111 2290 tegmouem
1153 2255 1172 2282 3
1198 2252 1493 2292 reeipithylaceu

83 2311 144 2348 11,
175 2315 187 2342 l
218 2317 422 2352 pacataepro
453 2310 637 2349 diuisisque
698 2313 716 2339 2
745 2319 849 2340 seorae
878 2318 1012 2349 quoque
1038 2309 1187 2349 quinque
1247 2308 1301 2345 12,
1329 2313 1347 2339 2
1375 2310 1494 2341 consili

85 2368 89 2410 ᾖ
117 2379 333 2400 romanorum
383 2372 402 2398 3
430 2368 563 2398 arciuus
590 2373 639 2398 est
665 2367 810 2398 castellis
836 2365 926 2406 (My.
944 2365 1016 2397 Em.
1040 2365 1085 2397 70
1109 2376 1152 2396 ex
1177 2367 1333 2397 omnibus
1358 2368 1492 2399 arcibus

83 2432 116 2456 et
141 2425 308 2465 castellis)
360 2425 415 2462 13,
446 2428 458 2455 l
488 2424 679 2456 foressenes
713 2429 745 2454 et
781 2424 960 2454 audantios
995 2423 1280 2454 dasserentiorum
1317 2424 1493 2456 tirustaras

80 2483 196 2514 init-tas
212 2483 408 2514 solciniatas
425 2483 514 2522 quod
531 2482 696 2519 (Pirustas
713 2480 836 2522 Siyon„
851 2481 1047 2511 Rhizonitas
1064 2479 1161 2512 Frob.
1176 2479 1239 2517 IL,
1255 2487 1355 2512 cetera
1374 2481 1492 2523 Gryn.)

82 2539 136 2577 14⁷
167 2544 185 2570 2
212 2541 459 2571 immunitatem
488 2548 554 2579 quo
590 2538 710 2580 (Gr-yn.
738 2539 831 2570 imm.
857 2538 936 2568 dare
971 2538 1078 2576 quod3
1110 2538 1182 2568 dari
1208 2537 1299 2579 My.)
1334 2540 1339 2577 Ι
1373 2539 1492 2570 relicto

82 2603 243 2629 caum-ent
293 2601 313 2628 3
341 2596 580 2628 scordensibus
606 2601 639 2626 et
664 2595 875 2627 dassarensis
924 2599 945 2625 4
970 2595 1076 2635 illyris
1103 2594 1107 2636 ζ
1132 2596 1203 2626 eius
1229 2597 1320 2636 quod
1345 2595 1492 2627 Muretus

83 2658 100 2685 5
127 2655 322 2696 pendissent
348 2653 458 2695 δι’-9οη.

1165 2711 1224 2744 16*

1525 824 1571 859 10

1529 1033 1568 1067 11

1526 1241 1572 1276 12

1527 1449 1572 1485 13

1529 1591 1573 1625 14
